2874 5040
178 233 242 298 28·
566 243 687 287 onasus
710 243 755 286 on
780 240 972 285 municius.-

180 421 261 464 mem
288 398 481 483 potissimum
511 395 584 458 totis
612 394 753 457 noctibus
787 415 857 458 con-

180 486 344 572 quiescere.
392 485 447 547 Sin
469 481 692 545 lucubrandum
715 492 772 554 est,
795 501 856 542 non

181 585 252 656 post
266 571 369 635 cibum
391 570 425 633 id
439 569 550 645 facere,
574 568 628 630 scd
641 578 711 650 post
733 587 857 629 concoc-

183 658 307 721 tionem.
353 658 453 734 Quem
468 652 603 717 interdiu
615 651 664 714 vel
679 651 855 727 domestica,

183 742 231 807 vel
243 742 346 806 civilia
356 741 456 804 officia
467 750 642 815 tenuerunt,
652 736 725 801 huic
735 749 857 820 tempus

183 828 308 914 aliquod
334 827 516 892 servandum
545 823 696 887 curationi
724 821 858 906 corporis

183 915 231 978 sui
257 926 313 978 est.
361 913 468 977 Prima
496 922 599 973 autem
632 909 698 992 ejus
729 909 856 984 curatio,

184 1000 360 1064 exercitatio
393 1011 449 1075 est,
487 1018 558 1081 quae
590 1017 708 1079 semper
739 1006 858 1057 antece-

183 1087 256 1150 dere
282 1085 383 1148 cibum
410 1084 519 1146 debet:
550 1082 583 1145 in
608 1103 655 1155 eo,
679 1080 732 1164 qui
755 1080 856 1142 minus

183 1171 346 1247 laboravit,
369 1182 400 1233 et
424 1170 502 1233 bene
528 1165 679 1243 concoxit,
706 1165 853 1248 amplior;

184 1257 218 1320 in
234 1279 281 1335 co,
302 1256 355 1341 qui
369 1255 516 1340 fatigatus
538 1267 595 1330 est,
618 1266 649 1315 et
671 1251 772 1314 minus
787 1273 858 1314 con-

186 1342 280 1419 coxit,
295 1341 456 1405 remissior.
502 1338 670 1403 Commode
685 1360 756 1401 vero
774 1360 858 1401 exer-

185 1441 267 1503 cent,
292 1428 373 1491 clara
397 1425 499 1502 lectio,
525 1447 620 1501 arma,
643 1423 717 1508 pila,
741 1445 858 1498 cursus,

186 1513 372 1586 ambulatio;
389 1525 481 1596 atque
491 1510 628 1574 haecnon
638 1509 744 1593 utique
753 1509 857 1594 plana,

186 1599 374 1664 commodior
386 1611 451 1671 est,
468 1597 618 1683 siquidem
632 1595 742 1658 melius
756 1617 859 1658 ascen-

187 1708 239 1748 sus
254 1707 373 1770 quoque
392 1697 424 1748 et
439 1684 613 1759 descensus,
636 1702 705 1745 cum
727 1681 857 1765 quadam

187 1770 334 1834 varietate
349 1792 458 1854 corpus
471 1782 612 1842 moveat;
635 1767 694 1829 nisi
710 1781 812 1830 tamen
827 1767 861 1830 id

187 1877 334 1941 perquam
359 1855 547 1920 imbecillum
569 1868 623 1918 est.
672 1853 787 1917 Melior
808 1876 860 1916 au-

188 1955 249 2007 tem
280 1956 326 2005 est
352 1943 409 2006 sub
434 1941 517 2018 divo,
547 1963 638 2025 quam
663 1939 697 2002 iu
719 1939 858 2024 porticu;

189 2027 307 2106 melior,
331 2028 356 2091 si
371 2041 463 2112 caput
476 2026 604 2111 patitur,
627 2026 660 2089 in
675 2025 748 2103 sole,
769 2047 861 2109 quam

189 2113 222 2176 in
236 2115 365 2188 umbra3
388 2113 496 2177 melior
517 2113 550 2175 in
565 2113 684 2189 umbra,
703 2132 793 2196 quam
808 2133 859 2194 pa-

188 2199 280 2264 rietes
303 2213 357 2264 aut
372 2199 483 2263 viridia
506 2198 653 2274 efficiunt,
677 2219 768 2280 quam
813 2220 863 2259 uae

190 2299 272 2349 tecto
296 2287 419 2360 subest;
443 2284 551 2347 melior
572 2300 665 2360 recta,
681 2304 772 2366 quam
786 2220 863 2346 ilex-

189 2394 274 2434 uosa.
318 2369 557 2435 Exercitationis
572 2381 672 2450 autem
685 2369 864 2452 plerumque

190 2456 262 2519 finis
278 2479 343 2521 esse
365 2457 456 2520 debet
480 2456 582 2532 sudor,
605 2467 659 2518 aut
679 2468 760 2517 certe
779 2454 864 2517 lassi-

191 2543 268 2604 tudo
283 2564 352 2626 quae
361 2603 362 2607 ,
371 2542 447 2605 citra
461 2541 670 2624 fatigationem
690 2540 749 2604 sit:
773 2540 866 2624 idque

191 2627 305 2712 ipsum,
327 2629 418 2691 modo
432 2627 545 2704 minus,
572 2626 663 2689 modo
682 2625 780 2711 magis
794 2626 867 2690 faci-

191 2714 306 2777 endum
321 2718 382 2777 est'
422 2715 472 2777 Ac
485 2734 526 2776 ne
540 2712 589 2776 his
610 2710 745 2796 quidem,
768 2711 864 2775 athle-

192 2812 293 2862 tarum
308 2799 459 2884 exemplo,
485 2798 535 2863 vel
550 2811 632 2862 certa
648 2820 714 2861 esse
727 2798 789 2876 lex,
815 2797 865 2861 vel

191 2883 373 2948 immodicus
396 2885 482 2948 labor
506 2884 606 2948 debet.
661 2883 865 2947 Exercitatio-

191 2992 263 3035 nem
277 2982 360 3035 recte
374 2971 521 3056 sequitur,
534 2971 624 3033 modo
638 2969 753 3045 unctio,
768 2969 818 3032 vel
832 2968 865 3031 in

192 3057 266 3135 sole,
278 3057 328 3121 vel
339 3057 379 3122 ad
393 3056 495 3142 ignem
507 3080 516 3129 3
540 3056 633 3119 modo
645 3056 799 3133 balneum,
812 3056 866 3118 sed

1248 210 1333 296 [mo.
1348 239 1370 281 1.

907 483 967 541 post
982 488 1055 524 eum:
1073 489 1122 539 per
1141 475 1251 523 hiemem
1269 472 1371 536 potissi·

907 556 985 605 mum,
1004 541 1065 589 totis
1090 539 1208 589 noctibus
1234 540 1369 602 conquies-

907 620 975 655 cere.
1009 605 1052 653 Sin
1064 603 1249 653 lucubrandum
1267 609 1309 651 est
1320 618 1368 652 uon

907 670 994 719 facere
1013 671 1038 718 id
1058 677 1116 732 post
1134 668 1230 727 cibum,
1246 666 1295 716 sed
1314 678 1370 729 post

907 735 1110 785 concoctionem.
1142 733 1226 784 Quem
1248 732 1370 792 interdiu,

909 801 948 848 vel
964 800 1116 861 domestica,
1133 801 1173 847 vel
1185 797 1271 847 civilia
1287 797 1368 846 officia

908 872 1059 923 tenuerunt;
1076 865 1136 912 hoie
1154 863 1250 926 aliquid
1266 868 1367 924 tempus

908 929 1059 979 servandum
1071 936 1110 977 est
1121 927 1248 977 curationi
1262 927 1302 974 sui
1314 941 1368 974 cor·

908 994 987 1059 poris.
1012 995 1107 1044 Autem
1116 993 1197 1057 prima
1206 993 1307 1040 coratio
1316 991 1368 1055 ejus

909 1068 949 1108 est
959 1060 1121 1118 exercitatio,
1137 1073 1196 1122 quoe
1207 1057 1289 1105 dehet
1305 1071 1368 1105 sem-

907 1139 954 1188 per
965 1123 1119 1173 antecedere
1141 1122 1242 1172 cibum:
1260 1121 1368 1185 amplior

907 1191 932 1237 in
942 1204 983 1251 eo,
991 1190 1032 1253 qni
1042 1188 1167 1237 laboravit
1176 1188 1270 1248 minus,
1279 1195 1307 1233 et
1314 1200 1369 1233 con-

907 1256 977 1303 ooxit
990 1253 1071 1313 bene;
1087 1253 1215 1301 remissior
1232 1252 1258 1299 in
1270 1265 1313 1312 eo,
1329 1251 1368 1314 qui

909 1325 949 1368 est
959 1318 1093 1382 fatigatus,
1110 1326 1136 1365 et
1148 1317 1268 1366 concoxit
1279 1317 1370 1364 minus.

909 1384 978 1432 Vero
1000 1386 1070 1433 clara
1095 1383 1182 1443 lectio,
1207 1395 1288 1440 arma,
1309 1381 1369 1443 pila,

910 1463 1009 1510 cursus,
1021 1447 1159 1497 ambulatio
1170 1451 1293 1495 exercent
1304 1460 1370 1495 com-

908 1515 999 1574 mode;
1024 1520 1101 1577 atque
1125 1514 1181 1561 haec
1203 1525 1254 1559 nou
1283 1512 1370 1574 utique

910 1580 994 1642 plana,
1006 1584 1044 1637 est
1054 1577 1209 1627 commodior
1216 1593 1223 1636 ;
1244 1574 1370 1639 siquidem

910 1659 1029 1692 ascensus
1050 1657 1151 1707 quoque
1174 1650 1201 1689 et
1223 1640 1371 1701 descensus,

910 1710 1010 1771 melius,
1032 1723 1089 1757 curn
1114 1706 1224 1772 quadam
1246 1705 1371 1753 varietate

911 1787 1004 1837 corpus
1016 1779 1116 1821 moveat
1127 1769 1258 1836 (melius);
1275 1770 1325 1818 nisi
1337 1775 1371 1818 ta·

911 1854 969 1887 men
980 1838 1005 1886 id
1018 1847 1056 1887 est
1068 1851 1192 1901 perquam
1208 1835 1372 1883 imbecillum.

911 1906 1006 1952 Autem
1015 1910 1054 1951 est
1061 1903 1158 1962 melior,
1168 1900 1215 1948 suh
1226 1899 1286 1948 divo
1298 1913 1372 1963 quam

912 1969 936 2016 in
950 1967 1068 2033 portico;
1085 1968 1105 2014 si
1118 1973 1197 2029 caput
1212 1967 1313 2028 patitur
1323 1979 1372 2011 me-

912 2033 968 2092 lior,
989 2034 1014 2080 in
1036 2034 1098 2090 sole,
1122 2046 1198 2095 quam
1221 2031 1248 2078 in
1270 2029 1378 2086 umbrae

912 2097 1001 2146 melior
1011 2099 1037 2145 in
1049 2097 1148 2157 umbra,
1159 2109 1236 2160 quam
1248 2093 1374 2152 efficiunt,

912 2164 1025 2225 parietes
1044 2169 1089 2211 aut
1100 2162 1202 2222 viridia,
1219 2175 1270 2224 que
1288 2158 1373 2207 subest

913 2234 992 2290 tecto,
1009 2227 1098 2276 melior
1118 2233 1198 2281 recta,
1216 2240 1295 2288 quam
1314 2222 1374 2272 flex-

914 2308 986 2341 uosa.
1018 2294 1114 2341 Autem
1131 2291 1209 2339 sudor
1224 2291 1374 2354 plerumque

914 2357 993 2406 debet
1012 2371 1068 2406 esse
1091 2355 1149 2404 finis
1171 2355 1383 2413 exercitationis,

915 2430 960 2471 aut
971 2430 1042 2472 certe
1056 2421 1191 2483 lassitudo,
1199 2435 1257 2484 quoe
1267 2420 1302 2468 sit
1310 2422 1376 2467 citra

915 2485 1108 2550 fatigationem:
1132 2485 1210 2550 idque
1231 2485 1317 2547 ipsum
1338 2491 1375 2533 est

915 2550 1063 2601 faciendum
1085 2550 1160 2600 modo
1183 2551 1276 2609 minus,
1301 2548 1376 2597 modo

916 2617 1006 2680 magis.
1040 2617 1080 2665 Ac
1091 2630 1123 2664 ne
1134 2614 1173 2663 his
1185 2613 1288 2679 quidem
1300 2613 1377 2663 debet

918 2696 975 2731 esse
986 2683 1028 2732 vel
1039 2683 1081 2730 lex
1094 2687 1175 2740 certa,
1187 2679 1306 2743 exemplo
1325 2679 1385 2732 ath,

915 2747 1033 2809 letarum,
1058 2747 1098 2794 rel
1120 2744 1271 2793 immodicus
1294 2743 1376 2791 labor.

915 2811 994 2861 Modo
1004 2813 1090 2860 unctio
1098 2811 1138 2858 vel
1147 2809 1172 2856 in
1180 2808 1289 2870 soie,vel
1300 2807 1332 2855 ad
1342 2810 1376 2871 ig·

915 2889 984 2938 nem,
1002 2883 1072 2924 recte
1084 2875 1199 2939 seqnitur
1214 2872 1385 2934 exercitatio-3

915 2955 991 3002 nem;
1011 2940 1086 3005 modo
1105 2939 1234 3000 balneum,
1254 2937 1300 2987 sed
1321 2953 1378 2987 cou-

663 3204 917 3247 TRANSLATION·

192 3302 219 3350 in
226 3302 319 3351 winter
327 3301 477 3365 especially,
484 3308 511 3351 to
521 3307 574 3350 rest
581 3303 625 3350 the
634 3300 716 3350 whole
724 3301 809 3362 night:
822 3301 869 3350 but
878 3301 902 3350 is
907 3303 938 3350 he
949 3302 980 3351 he
989 3302 1132 3366 compelled
1143 3309 1169 3352 to
1178 3303 1295 3369 studyby
1300 3304 1381 3368 night,

191 3381 906 3447 heonghtnottodothatafterfood,butallerdigestion.
935 3383 1381 3437 Hewhomeitherdomesticorcivil

192 3463 1386 3529 dutieshaveoccupiedduringtheday,oughttosetapartsometimefortherefreshmentot'

191 3548 233 3596 his
241 3546 323 3611 body:
334 3546 385 3596 and
396 3547 436 3596 his
443 3545 501 3596 first
510 3561 571 3595 care
582 3547 602 3595 is
611 3547 736 3611 exercise,
742 3548 827 3597 which
835 3549 915 3612 ought
925 3549 1020 3612 always
1030 3555 1056 3597 to
1064 3549 1177 3612 precede
1187 3548 1263 3600 food:
1281 3551 1314 3600 he
1326 3552 1382 3601 who

192 3630 238 3679 has
250 3628 368 3692 digested
380 3628 438 3677 well
447 3627 498 3677 and
509 3627 632 3677 laboured
644 3629 722 3692 little,
737 3629 777 3679 his
789 3629 904 3678 exercise
916 3631 996 3693 ought
1012 3636 1039 3680 to
1050 3630 1083 3680 be
1095 3646 1165 3680 more
1177 3633 1320 3696 powerful;
1338 3632 1383 3682 but

192 3725 263 3760 more
275 3712 361 3775 gentle
373 3711 398 3759 in
409 3709 462 3759 him
472 3711 530 3759 who
540 3710 563 3759 is
574 3709 701 3775 fatigued,
713 3710 762 3759 aud
781 3711 900 3774 digested
918 3712 977 3762 less.
1010 3712 1130 3775 Reading
1140 3713 1226 3774 aloud,
1244 3715 1288 3763 the
1301 3730 1348 3764 nse
1358 3713 1388 3764 of

192 3807 270 3856 arms,
281 3795 325 3841 the
335 3792 399 3854 ball,
411 3792 532 3855 running,
542 3791 592 3840 and
604 3792 726 3856 waiting,
736 3807 780 3842 are
792 3808 853 3857 very
866 3795 1021 3844 convenient
1032 3796 1174 3857 exercises;
1185 3796 1236 3844 and
1249 3797 1294 3845 the
1305 3797 1384 3846 latter
1413 3812 1414 3819 ¹

192 3872 225 3922 of
230 3873 314 3924 which
325 3873 411 3923 would
423 3873 455 3922 be
466 3888 536 3923 more
549 3873 751 3937 advantageous,
767 3873 792 3923 if
804 3881 850 3925 not
868 3889 901 3924 on
914 3890 931 3924 a
947 3877 1032 3940 plane,
1052 3877 1122 3927 since
1139 3878 1183 3926 the
1200 3877 1269 3942 body
1280 3893 1340 3942 may
1352 3877 1383 3927 be

194 3955 330 4005 exercised
339 3956 426 4006 better
435 3955 470 4020 by
483 3971 516 4004 an
527 3954 667 4019 ascending
678 3955 729 4004 and
747 3957 906 4019 descending
917 3959 1027 4022 variety,
1044 3959 1131 4009 unless
1148 3959 1169 4008 it
1179 3959 1212 4009 be
1224 3974 1288 4024 very
1300 3961 1384 4010 weak.

193 4037 254 4086 And
265 4037 285 4086 it
296 4038 318 4086 is
329 4037 416 4087 better
426 4038 453 4086 in
464 4038 508 4086 the
519 4051 586 4102 open
598 4037 637 4086 air
648 4038 709 4086 than
720 4038 747 4088 in
757 4053 773 4086 a
784 4038 902 4102 portico;
916 4039 1000 4088 better
1009 4041 1036 4088 in
1047 4042 1090 4089 the
1102 4055 1148 4089 sun
1160 4039 1196 4103 (if
1203 4041 1246 4090 the
1257 4041 1324 4090 head
1336 4055 1384 4091 can

193 4119 258 4168 bear
268 4118 302 4179 it)
314 4121 375 4168 than
388 4119 413 4167 in
431 4133 447 4167 a
463 4113 543 4168 shade
551 4137 558 4180 ;
577 4119 664 4169 better
681 4119 708 4168 in
725 4134 741 4168 a
761 4119 840 4170 shade
857 4119 957 4170 formed
968 4121 1002 4185 by
1013 4122 1083 4170 walls
1095 4136 1124 4170 or
1135 4121 1311 4185 shruhheries,
1322 4125 1384 4172 than

193 4200 251 4249 that
261 4200 344 4250 which
355 4201 376 4249 is
385 4199 469 4248 under
479 4216 495 4250 a
505 4199 575 4262 roof3
587 4215 603 4249 a
614 4201 725 4264 straight
734 4201 802 4250 welk
814 4201 835 4251 is
847 4201 1004 4252 better'than
1016 4208 1032 4252 a
1043 4203 1165 4267 winding.
1194 4204 1247 4253 But
1258 4198 1394 4268 incipient

194 4282 367 4347 perspiration
378 4284 458 4346 ought
469 4283 599 4346 generally
606 4288 633 4332 to
645 4283 783 4332 terminate
795 4284 839 4333 the
850 4284 974 4345 exercise,
982 4299 1012 4333 or
1022 4291 1050 4335 at
1060 4285 1133 4347 least,
1143 4285 1267 4335 lassitnde
1278 4285 1350 4336 short
1359 4285 1390 4336 of

193 4361 358 4426 fatigne,aud
368 4378 432 4413 even
441 4365 467 4414 in
474 4365 525 4413 this
533 4363 608 4414 itself
612 4365 720 4429 itought
727 4365 792 4414 tobe
801 4366 945 4416 sometimes
954 4367 1187 4431 more,sometimes
1194 4367 1252 4417 less.
1276 4366 1339 4416 And
1347 4368 1385 4416 in·

195 4442 262 4491 deed
280 4445 354 4494 there
365 4447 446 4508 ought
458 4453 485 4496 to
496 4445 529 4495 be
540 4461 573 4495 no
585 4445 654 4496 fixed
665 4447 731 4508 rulo,
747 4461 795 4496 nor
807 4447 976 4497 immoderate
987 4448 1078 4498 labour
1088 4449 1115 4497 in
1127 4450 1200 4498 these
1212 4451 1349 4512 exercises,
1358 4449 1385 4498 in

194 4522 322 4576 imitation
331 4525 363 4576 of
370 4528 413 4577 the
423 4528 543 4579 athletes.
559 4528 674 4579 Unction
686 4543 748 4594 very
758 4530 879 4596 properly
887 4528 985 4579 follows
993 4530 1066 4580 these
1075 4531 1215 4593 exemisse,
1222 4531 1367 4581 sometimes
1377 4547 1385 4592 ;

196 4605 279 4657 either
289 4607 316 4656 in
327 4608 370 4658 the
382 4623 439 4675 sun,
446 4624 475 4661 or
482 4608 574 4661 ¹before
586 4609 674 4673 afire3
692 4617 719 4663 at
727 4612 837 4663 another
848 4611 910 4663 time
918 4625 934 4662 a
941 4609 1015 4676 bath,
1023 4611 1071 4663 hut
1080 4612 1106 4664 in
1116 4627 1133 4662 a
1143 4612 1265 4664 chamher
1276 4627 1304 4663 as
1314 4612 1386 4677 high,
