2874 5040
115 240 184 285 nse.
202 218 246 299 a]
612 237 794 281 anassem.

114 390 242 477 populis
262 390 478 456 innocentibus
501 389 683 454 saeculorum
698 386 796 453 omni-

114 498 170 542 um
185 477 294 563 quaeri.

161 562 281 628 &ntra
301 561 336 641 ii,
356 563 410 647 qui
425 585 469 627 se
491 558 660 644 ἐμπειρικοὺς
684 560 724 625 ah
745 581 797 623 ex-

114 649 270 734 perientia
290 648 463 725 nominant,
486 649 644 713 evidentes
671 646 798 731 quidem

116 757 239 814 causas,
264 748 301 799 ut
326 735 522 811 necessarias,
548 734 795 818 amplectuntur:

115 822 315 885 obscurarum
340 841 413 884 vero
432 841 592 885 causarum
623 832 655 882 et
675 829 799 881 natura-

115 906 195 971 lium
210 906 367 970 actionum
381 905 582 991 quaestionem
604 904 674 968 ideo
694 925 799 987 super-

116 1013 248 1057 vacuam
264 1014 329 1056 esse
351 992 552 1068 contendunt,
568 989 712 1075 quoniam
734 1009 797 1052 non

116 1077 403 1163 comprehensibilis
415 1092 525 1140 natura
539 1078 588 1140 sit.
620 1077 694 1141 Non
708 1096 797 1159 posse

116 1184 191 1228 vero
202 1162 434 1249 comprehendi,
446 1177 550 1247 patere
566 1185 604 1226 ex
618 1182 734 1236 eorum,
744 1160 797 1245 qni

117 1249 157 1313 de
171 1249 222 1313 his
237 1249 446 1334 disputarunt,
469 1248 641 1320 discordia;
665 1268 736 1310 cum
758 1246 797 1310 de

117 1335 178 1400 ista
199 1339 245 1414 re,
267 1357 367 1420 neque
389 1334 469 1399 inter
494 1334 654 1419 sapientiae
682 1332 797 1416 profes-

118 1443 212 1499 sores,
235 1442 336 1505 neque
360 1419 440 1483 inter
465 1420 547 1505 ipsos
570 1418 704 1482 medicos
725 1440 798 1481 con-

117 1506 233 1571 veniat.
280 1509 347 1570 Cur
366 1506 447 1570 enim
462 1506 567 1590 potius
589 1504 700 1588 aliquis
715 1503 798 1588 Hip-

116 1593 238 1676 pocrati
267 1593 382 1670 credat,
405 1614 496 1676 quam
520 1591 718 1674 Herophilo?
744 1611 798 1653 cur

117 1677 193 1742 huic
208 1678 324 1764 potius,
346 1700 437 1763 quam
450 1677 656 1762 Asclepiadi?
703 1676 737 1740 Si
751 1698 798 1740 ra-

118 1763 218 1828 tiones
235 1764 322 1848 sequi
336 1764 422 1842 velit,
445 1763 581 1826 omnium
596 1784 685 1847 posse
699 1760 798 1825 videri

116 1871 180 1912 non
210 1850 450 1936 improbabiles3
489 1850 515 1914 si
547 1852 730 1924 curationes,
758 1846 797 1911 ab

117 1936 262 2001 omnihus
286 1935 336 1999 his
361 1959 459 2021 aegros
481 1936 644 2021 perductos
670 1956 736 1997 esse
757 1934 797 1997 ad

118 2022 304 2086 sanitatem:
329 2022 374 2086 ita
395 2044 494 2106 neque
516 2018 728 2105 disputationi,
743 2041 797 2082 ne-

116 2129 178 2191 que
201 2108 377 2172 auctoritati
392 2109 572 2192 cujusquam
594 2106 687 2169 fidem
710 2105 797 2168 dero-

117 2194 186 2277 gari
201 2194 381 2278 oportuisse.
426 2193 532 2258 Etiam
556 2191 715 2277 sapientiae
733 2204 795 2254 stu-

117 2279 222 2343 diosos
237 2279 385 2344 maximos
400 2280 535 2344 medicos
550 2301 626 2355 esse,
639 2277 664 2340 si
675 2276 797 2340 ratioci-

117 2366 205 2428 natio
237 2365 297 2428 hoc
331 2365 462 2431 faceret:
496 2388 581 2430 nunc
611 2365 674 2428 illis
704 2363 796 2428 verba

119 2470 292 2535 superesse,
321 2451 426 2516 deesse
451 2451 596 2516 medendi
625 2450 794 2519 scientiam.

117 2536 254 2601 Differre
283 2559 404 2622 quoque
428 2560 484 2621 pro
509 2551 620 2601 natura
647 2537 796 2614 locorum,

116 2645 232 2706 genera
257 2624 439 2697 medicinae3
467 2637 498 2688 et
523 2623 608 2687 aliud
631 2644 708 2706 opus
731 2644 797 2686 esse

117 2710 244 2790 Rornae,
275 2709 361 2773 aliud
395 2710 428 2774 in
458 2712 612 2795 AEgypto‚
649 2709 735 2772 aliud
763 2708 797 2771 in

118 2794 235 2859 Gallia.
295 2797 388 2875 Quod
417 2795 444 2859 si
472 2797 593 2859 morbos
623 2817 668 2858 eae
696 2815 797 2859 causae

116 2881 265 2960 facerent,
295 2904 365 2966 quae
393 2882 508 2967 ubique
537 2882 651 2946 caedem
681 2894 794 2958 essent,

116 2967 254 3032 remedia
268 2989 389 3053 quoque
403 2969 517 3053 ubique
532 2969 639 3032 eadem
656 2990 721 3033 esse
743 2968 795 3032 de-

1288 219 1311 286 9

846 485 902 519 rum
919 485 1019 584 qrsocppe
1040 484 1189 535 paucorum,
1207 471 1312 535 populis

847 536 977 585 innocenti
999 536 1311 586 usomninmsaecnlornm.

880 601 979 650 Contra
992 601 1020 663 ii,
1041 602 1084 665 qni
1096 600 1211 649 norninat
1226 616 1253 649 se
1272 603 1311 662 ἰμ-

848 667 956 732 nugissic
981 667 1011 727 (i.
1033 681 1057 715 e.
1075 665 1260 729 empeirilons)
1278 667 1311 714 ab

848 732 1020 795 experientia,
1045 731 1235 792 amplectuutur
1257 732 1312 779 evi-

849 797 942 845 dentes
953 811 1044 845 cansas
1056 795 1169 859 quidem,
1181 803 1210 843 nt
1220 809 1311 844 neces-

849 862 945 910 sarias:
964 875 1025 909 vero
1044 859 1203 908 contendunt
1227 874 1311 923 quars-

849 926 945 975 tionem
959 927 1125 975 obscurarum
1136 939 1270 973 caussarum
1283 933 1310 974 et

848 991 1002 1040 naturalium
1014 991 1144 1040 actionum
1154 1004 1210 1037 esse
1221 1005 1310 1052 supcr-

849 1071 965 1117 vacnam,
985 1055 1054 1118 ideo,
1071 1053 1202 1118 quoniam,
1218 1062 1310 1105 natura

848 1135 899 1169 non
914 1121 946 1169 sit
960 1120 1207 1182 comprehensibilis.
1239 1119 1310 1169 Vero

847 1199 897 1233 non
917 1200 991 1248 posse
1005 1184 1199 1248 comprehendi,
1220 1192 1309 1248 patere

848 1265 881 1298 ex
893 1250 1023 1299 discordia
1035 1264 1122 1299 eornm
1135 1249 1178 1313 qui
1191 1249 1310 1313 disputa-

849 1314 947 1364 rnntde
958 1316 1008 1374 his,
1016 1330 1075 1364 cnm
1083 1329 1163 1377 neque
1171 1317 1310 1366 conveniat

849 1379 882 1427 de
899 1380 950 1429 ista
969 1394 996 1428 re
1014 1381 1081 1428 inter
1092 1376 1252 1442 professores
1269 1395 1309 1429 sa·

849 1445 964 1508 pientia.
989 1459 1073 1509 neque
1101 1445 1168 1491 inter
1194 1445 1309 1495 medicos

849 1511 926 1572 ipsos.
960 1511 1035 1558 Enim
1051 1524 1097 1558 cur
1108 1509 1200 1573 aliquis
1217 1511 1309 1562 credet

849 1575 1006 1638 Hippocrati
1023 1574 1109 1638 potins
1131 1589 1206 1638 qnam
1224 1575 1308 1626 Hero-

849 1641 934 1702 philo?
962 1655 1008 1688 cnr
1030 1640 1098 1699 hnic,
1124 1639 1209 1701 potins
1232 1655 1308 1704 quarn

847 1704 1014 1768 Asclepiadi?
1040 1705 1061 1752 si
1084 1704 1146 1753 velit
1168 1705 1240 1768 sequi
1268 1721 1308 1754 ra·

847 1771 939 1829 tiones,
974 1769 1085 1818 omnium
1120 1783 1197 1831 posse
1225 1770 1307 1821 videri

847 1848 898 1883 uon
910 1833 1106 1897 irnprobabiies;
1122 1834 1143 1881 si
1153 1835 1308 1897 curationes,

848 1914 932 1961 aegros
951 1914 1007 1947 esse
1025 1897 1164 1962 perductos
1185 1899 1217 1947 ad
1240 1903 1307 1949 sani-

848 1971 936 2024 tatem,
946 1963 978 2010 ab
987 1963 1103 2012 omnibns
1111 1965 1164 2012 his:
1177 1965 1214 2012 ita
1223 1980 1307 2029 neque

847 2028 1032 2091 disputatione,
1053 2043 1136 2093 neque
1158 2032 1306 2079 nrrctoritari

847 2096 989 2156 oportuisse
1000 2094 1119 2156 derogari
1128 2091 1205 2142 iidem
1220 2098 1306 2154 cuius-

847 2172 930 2222 quam.
964 2158 1048 2207 Etiam
1060 2158 1168 2221 (sirint),
1177 2151 1306 2209 studiosds

846 2223 981 2286 sapientiae
991 2225 1176 2271 esscmaximos
1183 2223 1307 2282 medicos,

846 2288 868 2336 si
878 2289 1039 2337 ratiocinatio
1051 2287 1151 2337 faceret
1159 2289 1221 2336 hoc:
1239 2304 1307 2338 nunc

846 2353 927 2402 verba
939 2369 1073 2416 superesse
1086 2354 1135 2402 illis
1145 2352 1244 2415 (vcro),
1258 2354 1307 2402 sci·

846 2419 941 2467 entiam
949 2418 1070 2467 medendi
1080 2418 1179 2468 deesse.
1203 2419 1308 2468 Genera

845 2484 982 2532 medicina
1009 2498 1110 2547 qiroqne
1134 2482 1239 2532 differre
1260 2498 1308 2547 pro

847 2555 940 2597 natura
958 2550 1088 2609 locoi·um;
1109 2554 1137 2597 et
1160 2550 1229 2597 aliud
1250 2564 1308 2597 esse

846 2627 918 2676 opus¹
932 2615 1032 2675 Romae,
1052 2614 1121 2663 aliud
1144 2615 1169 2663 in
1187 2614 1309 2678 AEgypto,

847 2679 916 2727 alind
927 2680 951 2726 in
965 2679 1057 2728 Gallia.
1079 2679 1155 2730 erod
1167 2678 1188 2726 si
1200 2694 1237 2727 eae
1248 2694 1308 2727 cau-

847 2759 882 2791 sae
895 2742 1014 2793 facerent
1024 2745 1136 2805 morbos,
1153 2759 1210 2808 qnae
1222 2749 1309 2792 essent

847 2806 1309 2872 eaedemnbiqne‚remediadebuisse

848 2888 904 2923 esse
913 2888 1016 2939 quoque
1026 2873 1118 2924 eadem
1129 2874 1233 2939 ubique.
1254 2875 1308 2922 Eti-

588 3145 847 3214 nannsnamou.

117 3275 227 3326 deerned
242 3293 271 3326 so
283 3279 364 3339 cruel,
375 3291 403 3326 as
413 3291 488 3339 many
499 3276 619 3338 exctaim,
630 3283 657 3324 to
667 3276 759 3324 search
780 3275 821 3325 for
840 3275 966 3326 remedies
976 3274 1017 3324 for
1036 3290 1069 3324 an
1086 3275 1206 3325 innocent
1218 3277 1309 3340 peopie

115 3358 145 3408 of
152 3358 309 3421 succeeding
319 3375 390 3425 ages,
402 3366 429 3407 at
440 3360 484 3408 the
496 3372 611 3422 expense
623 3357 655 3406 of
667 3358 726 3420 only
739 3372 753 3405 a
765 3357 815 3406 few
828 3359 924 3421 capital
936 3358 1051 3422 cniprits.

147 3441 192 3490 On
204 3442 249 3490 the
261 3442 336 3490 other
347 3441 423 3499 hand,
435 3443 508 3490 those
521 3442 578 3488 who
590 3441 646 3489 title
658 3440 813 3489 themselves
830 3440 959 3504 empirios,
971 3441 1004 3504 by
1017 3439 1169 3504 profession,
1181 3440 1311 3499 embrace,

116 3523 138 3573 it
155 3523 178 3572 is
190 3530 258 3583 true,
269 3523 313 3571 the
326 3524 450 3584 necessity
463 3521 494 3572 of
510 3523 616 3571 evident
628 3537 737 3583 canses3
756 3521 801 3570 but
820 3524 882 3585 they
895 3523 1007 3572 contend
1024 3524 1081 3572 that
1098 3524 1142 3572 tho
1154 3522 1272 3587 question
1284 3520 1316 3572 os

116 3605 228 3654 obscure
239 3620 330 3655 causes
350 3606 401 3654 and
419 3606 520 3654 natural
537 3606 636 3653 actions
648 3612 675 3653 to
694 3605 725 3654 be
742 3603 833 3664 futile3
850 3605 900 3652 aad
919 3604 960 3654 for
971 3605 1021 3653 this
1034 3619 1132 3662 reason,
1144 3605 1254 3653 because
1267 3620 1311 3653 na-

116 3696 174 3738 tnrc
188 3689 210 3737 is
221 3688 391 3737 inscrutable.
426 3687 484 3735 And
499 3688 556 3736 that
567 3689 639 3735 those
653 3687 740 3751 things
752 3701 796 3735 are
809 3687 1057 3749 incomprehensible
1069 3686 1091 3735 is
1103 3685 1210 3736 evident
1223 3688 1256 3749 by
1267 3687 1312 3736 the

115 3768 275 3820 dissensione
288 3768 318 3818 of
325 3771 398 3818 those
411 3769 467 3817 who
480 3770 546 3818 have
559 3769 660 3818 treated
672 3768 703 3818 of
716 3771 794 3829 them,
810 3768 882 3817 since
894 3770 996 3818 neither
1005 3771 1049 3818 the
1062 3769 1249 3842 philosophers,
1265 3782 1312 3816 nor

116 3853 158 3901 the
173 3851 323 3916 physicians
335 3867 384 3900 can
396 3851 489 3900 accord
508 3866 600 3915 among
612 3853 767 3901 themselves
784 3866 818 3900 on
830 3852 904 3900 those
918 3852 1019 3914 things:
1037 3850 1077 3900 for
1088 3852 1147 3913 why
1159 3851 1249 3900 should
1261 3865 1312 3913 any

116 3950 164 3983 one
183 3934 285 3983 believe
304 3934 488 3997 Hippocrates,
506 3934 593 3982 rather
609 3935 670 3981 than
689 3933 862 3996 Herophilus?
879 3934 928 3982 and
941 3934 999 3996 why
1012 3932 1098 3997 prefer
1115 3912 1166 3982 him
1183 3942 1210 3982 to
1222 3932 1312 3981 Ascle·

116 4016 223 4081 piades?
239 4016 307 4064 That
316 4016 361 4064 ifa
369 4031 427 4063 man
438 4017 488 4064 witi
497 4014 583 4064 follow
593 4030 608 4063 a
617 4016 788 4077 theory,each
797 4014 829 4064 of
836 4016 904 4063 them
913 4031 995 4064 seems
1003 4015 1143 4079 plausible3
1154 4014 1178 4063 if
1186 4014 1218 4078 by
1227 4030 1313 4077 cures,

115 4101 159 4148 the
170 4098 227 4147 sict
239 4098 306 4147 have
320 4099 385 4147 been
397 4096 512 4146 restored
524 4105 550 4146 to
562 4098 649 4146 benith
659 4098 691 4160 by
705 4099 774 4146 them
785 4098 835 4145 all:
853 4096 983 4146 therefore
995 4097 1015 4145 it
1026 4096 1087 4145 does
1100 4103 1145 4145 not
1157 4096 1260 4146 become
1272 4110 1312 4158 ns,

116 4181 200 4229 either
212 4179 246 4243 by
259 4189 394 4242 argument
411 4193 441 4228 or
452 4178 591 4242 authority,
602 4186 629 4228 to
647 4178 753 4242 impugn
766 4180 809 4228 the
822 4179 938 4244 veracity
950 4178 981 4229 of
989 4193 1038 4242 any
1050 4178 1081 4227 of
1089 4179 1173 4228 them:
1191 4192 1256 4225 even
1268 4179 1312 4226 the

117 4263 296 4327 philosophers
311 4261 394 4310 would
408 4262 439 4309 be
457 4262 501 4310 the
520 4267 636 4323 greatest
646 4261 804 4324 physicians,
820 4259 995 4323 if·argument
1011 4261 1087 4309 conld
1099 4260 1174 4308 make
1187 4259 1256 4308 them
1268 4273 1313 4319 so;

118 4343 164 4393 but
175 4345 235 4408 they
244 4342 348 4393 abonud
361 4343 387 4390 in
398 4343 541 4393 words-in
552 4345 595 4392 the
604 4342 707 4405 healiug
718 4352 760 4390 art
769 4343 831 4406 they
841 4357 885 4392 are
896 4342 1028 4392 deficient.
1057 4340 1174 4403 Resides,
1186 4342 1247 4404 they
1259 4357 1313 4406 say,

119 4427 161 4474 the
172 4431 312 4475 treatment
322 4427 404 4488 ought
420 4432 447 4474 to
460 4440 521 4488 vary
535 4424 675 4488 according
688 4431 714 4473 to
732 4425 777 4473 the
792 4417 882 4473 nat'ure
899 4424 930 4474 of
937 4425 1040 4473 climate
1048 4441 1055 4484 ;
1073 4425 1128 4471 that
1140 4437 1188 4472 one
1200 4423 1275 4472 mode
1292 4424 1313 4472 is

120 4521 256 4571 necessary
269 4513 296 4554 at
308 4507 399 4565 Rome,
410 4507 519 4554 another
531 4507 556 4554 in
568 4506 664 4569 Egypt,
675 4505 726 4554 and
738 4507 847 4555 another
858 4505 885 4555 in
896 4506 979 4564 Gaul;
992 4504 1042 4566 for,
1054 4504 1078 4553 if
1087 4505 1130 4554 the
1143 4519 1211 4553 same
1223 4520 1314 4554 casrses

119 4589 193 4645 could
206 4589 322 4653 produce
333 4588 434 4639 disease
446 4603 524 4652 every
536 4589 623 4639 where
639 4589 718 4655 alike,
736 4590 780 4641 tha
792 4589 918 4641 remedies
935 4588 1016 4652 ought
1031 4594 1058 4638 to
1071 4587 1158 4639 betha
1170 4588 1313 4639 samenlso.
