2874 5040
136 232 179 295 22
522 248 619 292 carsr
642 249 687 297 aa
711 249 888 295 numerus

136 419 209 463 eum
231 397 329 482 premi
353 397 483 483 coepisse
507 412 678 485 cognosset,
700 421 810 485 aquam

135 484 280 569 frigidam
294 483 431 569 ingessit.
477 486 547 562 Qua
560 486 613 550 ille
628 498 728 568 epota,
740 508 810 550 cum

136 570 202 633 vini
225 570 288 632 vim
313 570 469 635 miscendo
494 571 645 658 fregisset,
671 571 810 656 protinus

135 655 251 720 febrem
260 677 366 719 somno
377 671 408 720 et
417 658 527 720 sudore
536 657 687 721 discussit.
719 659 811 735 Quod

136 741 285 805 auxilium
308 742 445 805 medicus
468 756 639 827 opportune
663 743 810 827 providit,

135 847 199 890 non
213 849 252 890 ex
265 849 312 904 eo,
338 828 421 912 quod
436 843 490 891 aut
505 828 685 891 adstrictum
701 850 810 912 corpus

136 925 212 992 erat,
237 926 291 978 aut
315 911 448 988 fluebat;
477 915 532 977 sed
553 937 592 977 ex
613 936 715 990 causa,
740 937 810 999 quae

136 1012 208 1063 ante
228 1012 432 1084 praecesserat.
478 1002 598 1084 Estque
624 999 716 1063 etiam
741 1021 807 1083 pro

134 1085 237 1169 prium
260 1084 378 1169 aliquid
392 1100 422 1148 et
436 1085 496 1148 loci
511 1099 542 1148 et
565 1086 721 1168 temporis,
743 1085 810 1149 istis

134 1189 256 1255 quoque
269 1170 448 1234 autoribus:
472 1171 616 1255 quicum
638 1172 808 1256 disputant,

156 1257 391 1320 uemadmodum
414 1258 496 1320 sanis
520 1255 696 1320 hominibus
718 1280 810 1341 agen-

134 1278 209 1404 Hum
232 1342 282 1419 sit,
308 1342 493 1426 praecipiunt
517 1356 553 1406 ut
581 1343 726 1440 gravibus
755 1355 809 1406 aut

133 1426 209 1490 locis
223 1441 277 1492 aut
298 1429 486 1512 temporibus
507 1451 606 1512 magis
627 1430 742 1492 vitetur
754 1429 809 1491 fri-

133 1535 202 1596 gus,
218 1527 322 1591 aestua,
339 1513 474 1593 satietas,
488 1514 584 1591 labor,
604 1513 720 1586 libid0;
744 1537 809 1580 ma·

132 1598 241 1684 gisque
255 1612 291 1662 ut
312 1600 506 1684 conquiescat
526 1601 635 1663 iisdem
657 1599 732 1663 locis
754 1613 808 1663 aut

132 1686 332 1770 temporibus,
353 1685 378 1748 si
393 1686 461 1770 quis
475 1685 658 1772 gravitatem
673 1686 807 1769 corporis

132 1771 251 1846 sentit;
283 1794 319 1834 ac
340 1793 439 1855 neque
461 1772 581 1835 vomitu
602 1771 805 1849 stomachum,

132 1877 232 1942 neque
246 1857 427 1941 purgatione
437 1857 541 1920 alvum
551 1857 704 1920 sollicitet.
726 1860 806 1936 Quae

132 1964 204 2006 vera
213 1943 336 2028 quidem
347 1956 433 2017 sunt;
454 1942 694 2006 acommunibus
704 1957 806 2009 tamen

131 2030 171 2096 ad
186 2031 326 2114 quaedam
347 2029 469 2113 propria
491 2030 689 2092 descendunt.
735 2031 806 2094 Nisi

129 2117 312 2199 persuadere
334 2115 421 2178 nobis
436 2116 555 2192 volunt,
579 2115 660 2178 sanis
681 2115 804 2200 quidem

130 2203 385 2266 considerandum
401 2224 477 2276 esse,
490 2202 572 2286 quod
587 2200 710 2276 coelum,
723 2204 805 2285 quod

129 2300 251 2372 tempus
274 2287 346 2351 anni
361 2287 400 2351 sit
413 2311 422 2359 ;
447 2287 537 2371 aegris
552 2308 623 2348 vero
641 2308 703 2348 non
718 2309 801 2351 esse:

129 2375 240 2457 quibus
267 2386 352 2437 tanto
381 2373 479 2454 magis
505 2371 604 2434 omnis
633 2372 804 2436 observatio

128 2460 298 2522 necessaria
321 2472 377 2530 est,
407 2471 521 2543 quanto
550 2457 648 2540 magis
674 2458 804 2522 obnoxia

129 2544 252 2608 offensis
267 2544 427 2607 infirmitas
442 2556 497 2606 est.
522 2544 605 2622 Quin
621 2543 712 2606 etiam
725 2565 804 2607 mor-

128 2631 236 2694 borum
252 2631 286 2693 in
300 2630 408 2692 iisdem
430 2628 606 2693 hominibus
628 2629 697 2692 alise
711 2642 803 2715 atque

1190 230 1273 312 [cra.
1297 252 1321 296 a

861 489 951 534 tatem.
985 483 1043 536 Qua
1053 495 1133 549 epota
1143 500 1202 534 cum
1216 483 1262 535 ille
1272 484 1324 534 fre·

862 551 941 612 gisset
952 547 1001 598 vim
1015 548 1066 596 vini
1083 550 1224 613 miscendo,
1243 551 1322 613 proti·

862 629 909 662 nus
929 619 1050 662 excusset
1068 613 1167 663 febrem
1186 629 1276 664 somno
1295 621 1323 664 et

861 679 964 728 sudore.
985 679 1061 731 Quod
1074 680 1197 728 auxilium
1206 679 1322 729 medicus

861 743 975 808 providit
994 751 1149 808 opportune,
1168 759 1219 793 non
1239 759 1273 792 ex
1291 759 1322 792 co

861 808 929 872 quod
942 823 1035 873 corpus
1046 816 1104 858 erat
1114 817 1159 858 aut
1169 810 1322 858 adstrictum

861 880 906 921 aut
924 871 1037 935 fluebat3
1053 875 1098 923 sed
1117 889 1149 921 err
1166 889 1246 923 carisa
1263 888 1320 949 quae

861 945 1032 1001 praecesserat
1039 946 1108 988 ante.
1124 941 1182 991 Qua
1193 944 1233 987 est
1243 945 1322 986 ettam

861 1002 956 1066 aliquid
974 1003 1105 1067 proprium
1117 1013 1145 1054 et
1159 1004 1209 1053 loci
1219 1009 1248 1052 et
1257 1011 1323 1052 tem-

861 1070 939 1130 poris,
957 1082 1058 1131 quoque
1078 1068 1134 1117 istis
1156 1068 1319 1118 auctoribus:

859 1132 903 1245 gui
923 1146 981 1180 cum
1003 1133 1136 1194 disputant
1156 1133 1321 1195 quemadmo-

880 1212 920 1246 um
940 1199 975 1246 ait
997 1198 1125 1258 agendum
1151 1199 1221 1246 sanis
1242 1199 1321 1246 homi.

860 1262 943 1323 nibus,
969 1262 1124 1326 praecipiunt
1146 1271 1191 1310 aut
1212 1269 1243 1310 ut
1264 1278 1320 1325 gra-

862 1327 934 1375 vibus
943 1327 1004 1376 locis
1011 1335 1056 1374 aut
1063 1327 1230 1391 temporibus,
1240 1325 1319 1390 frigus

861 1391 956 1440 vitetur
976 1392 1067 1454 magis,
1084 1401 1171 1453 aestus,
1202 1393 1320 1455 satietas,

859 1455 940 1520 labor,
957 1456 1051 1505 libido:
1068 1472 1117 1520 que
1139 1464 1169 1506 ut
1188 1457 1320 1520 conquies-

858 1521 1320 1585 catmagialin)iisdcmlocisauttem-

859 1586 1000 1648 poribus,si
1011 1588 1066 1650 quis
1077 1589 1156 1637 sentit
1164 1587 1320 1648 gravitatem

858 1653 985 1712 corporis,
1002 1665 1032 1699 ac
1045 1667 1128 1715 neque
1139 1651 1260 1701 sollicitet
1269 1659 1320 1700 sto-

858 1717 975 1763 machum
995 1717 1101 1777 vomitu,
1128 1732 1211 1778 neque
1233 1719 1319 1765 alvum

857 1781 1021 1843 purgatione.
1053 1780 1119 1830 Qnae
1137 1782 1241 1844 quidem
1259 1791 1319 1830 sunt

858 1860 936 1904 vera;
952 1852 1036 1894 tamen
1049 1846 1210 1895 descendunt
1222 1844 1239 1894 a
1250 1861 1318 1894 com·

856 1910 974 1959 munibus
999 1909 1031 1958 ad
1058 1912 1176 1973 quaedam
1203 1911 1317 1974 propria.

857 1975 914 2023 Nisi
942 1977 1029 2023 volunt
1058 1977 1213 2038 persuadere
1243 1977 1317 2025 nohis

857 2054 914 2088 esse
932 2039 1144 2090 considerandum
1165 2040 1234 2088 sanis
1261 2042 1316 2104 qui-

856 2103 924 2164 dem,
940 2105 1002 2168 qnid
1014 2103 1047 2152 sit
1059 2106 1161 2164 coelum,
1173 2106 1242 2170 quod
1254 2113 1317 2155 tern-

857 2184 904 2232 pus
923 2170 991 2229 anni‚
1010 2183 1137 2217 veronen
1154 2184 1210 2219 csse
1222 2171 1316 2230 agris,

855 2234 1317 2296 quibusomnisobservatioesttanto

855 2300 937 2361 magis
965 2299 1118 2361 necessaria,
1153 2306 1249 2364 quanto
1276 2301 1316 2348 in-

854 2361 961 2413 firmitas
982 2371 1022 2413 est
1043 2365 1123 2425 magis
1147 2365 1260 2413 obnoxia
1280 2366 1316 2413 of-

854 2425 942 2477 fensis.
986 2429 1054 2480 Quin
1076 2430 1153 2476 etiam
1174 2438 1234 2479 sunt
1256 2431 1314 2479 aliar

854 2501 930 2556 atque
947 2495 1004 2541 aliae
1028 2495 1198 2557 proprietates
1214 2496 1315 2543 morbo-

855 2572 910 2606 rum
922 2559 947 2607 in
958 2559 1047 2607 iisdem
1059 2559 1213 2614 bominibus;
1233 2561 1315 2623 etqui

854 2631 958 2673 curatus
969 2631 1009 2672 est
1020 2623 1115 2671 frustra
1126 2624 1262 2687 aliquando
1275 2640 1315 2674 se·

853 2689 945 2738 cundia
962 2703 1031 2751 saepe
1051 2689 1195 2736 restituitur
1215 2698 1315 2738 contra·

128 2717 199 2780 aliae
212 2716 413 2800 proprietates
428 2727 523 2790 sunt,
549 2728 580 2779 et
594 2714 647 2799 qui
661 2716 802 2779 secundis
852 2751 906 2803 ,gg
955 2753 1014 2804 Qus
1035 2752 1144 2816 plurima
1165 2752 1314 2803 discrimina

127 2803 292 2889 aliquando
305 2801 419 2865 frustra
434 2814 557 2864 curatus
571 2814 628 2877 est,
644 2800 802 2865 contrariis

81 2958 86 2965 ,
128 2911 210 2975 saepe
220 2887 401 2952 restituitur.
446 2887 645 2971 Plurimaque
656 2886 689 2948 in
700 2887 802 2950 dando

590 3084 841 3129 TRANSLATION.

126 3199 184 3250 cold
191 3204 286 3247 water:
299 3197 382 3246 which
394 3197 472 3262 being
484 3196 608 3260 drunk,it
618 3197 732 3246 reduced
744 3199 787 3246 the
799 3197 917 3262 strength
925 3196 955 3246 ol
963 3197 1008 3247 the
1017 3197 1084 3247 wine
1092 3198 1127 3262 by
1136 3199 1313 3264 dilution,and

124 3282 158 3330 he
169 3296 221 3329 was
230 3279 403 3344 immediately
414 3279 527 3329 relieved
537 3277 566 3327 os
573 3277 645 3328 fevcr
657 3279 689 3345 by
702 3280 773 3345 slecp
785 3280 836 3329 and
846 3279 1029 3344 perspiration.
1047 3280 1138 3329 Which
1151 3283 1257 3348 remedy
1269 3287 1313 3335 the

125 3362 259 3428 physician
277 3376 339 3425 very
350 3362 521 3425 opportunely
532 3360 645 3425 adopted
663 3360 689 3408 in
706 3361 756 3410 this
774 3377 841 3423 case,
859 3369 904 3410 not
921 3359 986 3409 from
1003 3361 1041 3410 his
1060 3360 1127 3426 body
1137 3362 1213 3427 being
1230 3367 1314 3416 either

125 3442 289 3507 constipated
301 3457 330 3490 or·
340 3443 456 3505 relaxed‚
472 3443 519 3491 but
529 3441 594 3491 from
605 3444 649 3492 the
667 3443 809 3506 preceding
827 3457 912 3492 cause.
945 3441 1006 3491 And
1018 3459 1046 3492 as
1058 3444 1132 3494 there
1143 3445 1163 3493 is
1172 3447 1227 3495 also
1244 3463 1314 3498 some

124 3524 279 3592 peculiarity
291 3524 353 3572 botb
366 3522 396 3571 of
411 3525 472 3573 time
493 3524 543 3572 and
555 3525 629 3588 place
641 3525 667 3572 iu
685 3526 757 3573 those
774 3526 894 3585 autlrors;
913 3524 979 3586 who,
1001 3526 1077 3573 when
1096 3527 1208 3591 treating
1221 3527 1252 3577 of
1268 3533 1312 3580 the

123 3620 230 3657 manner
241 3607 266 3654 in
277 3606 361 3654 which
372 3606 476 3670 healthy
485 3621 590 3669 persons
602 3621 646 3654 are
658 3612 685 3654 to
698 3606 811 3655 conduct
822 3607 985 3667 themselves,
996 3607 1096 3671 strictly
1107 3608 1195 3658 advisa
1207 3611 1276 3660 them
1286 3620 1312 3662 to

123 3690 188 3739 shun
200 3687 268 3750 cold,
279 3689 348 3749 heat,
360 3702 460 3745 excess,
470 3687 569 3752 labour,
587 3688 636 3736 and
649 3688 738 3737 lustin
756 3689 790 3736 all
802 3689 941 3753 unhealthy
952 3689 1038 3752 places
1055 3690 1105 3738 and
1124 3705 1242 3742 scasons:
1261 3695 1311 3746 and

121 3771 185 3834 they
196 3770 280 3835 enjoin
291 3784 362 3818 more
374 3776 427 3817 rest
439 3770 465 3817 in
478 3770 551 3818 those
569 3771 656 3833 places
668 3785 698 3818 or
712 3770 796 3833 times,
813 3769 837 3817 if
849 3785 898 3833 any
911 3785 1004 3834 person
1015 3770 1066 3819 feel
1088 3774 1131 3821 the
1142 3775 1272 3824 sensatior
1284 3776 1316 3826 of

122 3869 139 3903 a
151 3853 247 3915 weight
258 3866 291 3900 on
302 3851 346 3898 the
360 3850 444 3914 body;
462 3851 511 3898 and
524 3852 551 3899 in
563 3852 626 3900 such
638 3866 710 3900 cases
723 3852 766 3899 the
777 3851 923 3900 stomachis
935 3852 1037 3901 neither
1046 3859 1073 3902 to
1085 3853 1118 3902 be
1130 3853 1263 3905 disturbed
1277 3857 1312 3923 by

120 3935 255 3996 tomiting,
274 3947 321 3981 nor
337 3933 381 3980 the
401 3932 498 3980 bowels
516 3932 552 3995 by
564 3931 685 3997 purging.
718 3932 810 3981 Whlcb
828 3932 913 3997 things
926 3934 1022 3982 indeed
1042 3949 1086 3983 are
1097 3950 1160 4000 very
1172 3943 1248 3998 true;
1264 3945 1311 4003 yet

120 4018 183 4081 they
194 4013 307 4064 descend
316 4011 381 4061 from
394 4013 438 4062 the
450 4027 565 4062 common
578 4021 604 4062 to
616 4015 659 4064 the
671 4015 788 4079 peculiar
798 4022 954 4078 symptoms:
972 4016 1057 4064 unless
1069 4016 1129 4080 they
1140 4018 1202 4066 wish
1212 4027 1238 4068 to
1251 4035 1310 4084 per.

120 4099 202 4149 suade
213 4112 251 4160 us,
270 4097 327 4145 that
338 4109 403 4142 even
421 4095 526 4157 healthy
540 4110 646 4160 persons
663 4097 744 4159 ought
763 4102 790 4145 to
811 4096 928 4145 consider
948 4098 992 4147 the
1012 4103 1105 4148 nature
1116 4100 1145 4147 ot⁴
1162 4101 1206 4149 the
1228 4109 1310 4156 atmo-

120 4183 224 4246 sphere,
244 4177 295 4226 and
315 4176 359 4225 the
380 4190 469 4224 season
486 4174 517 4224 of
533 4177 576 4225 the
593 4191 664 4240 year,
681 4176 729 4226 but
744 4178 818 4226 these
834 4177 1010 4228 observatione
1025 4195 1069 4229 are
1082 4195 1257 4246 unnecessary
1270 4183 1310 4232 for

117 4260 244 4321 invalids;
259 4266 288 4309 to
299 4259 382 4307 whom
400 4272 478 4322 every
490 4258 639 4321 precaution
656 4259 677 4307 is
694 4260 911 4325 proportionately
922 4275 993 4310 more
1010 4259 1212 4326 indispensable,
1229 4279 1258 4313 aa
1276 4281 1309 4314 an

117 4341 201 4391 infirm
213 4340 317 4391 stateof
324 4341 409 4388 health
422 4340 442 4387 is
453 4354 523 4388 more
535 4339 690 4403 susceptible
699 4339 731 4390 of
738 4340 831 4406 injury.
844 4342 898 4391 But
910 4343 982 4392 there
993 4357 1048 4406 are,
1059 4350 1103 4391 not
1114 4345 1171 4408 only
1184 4360 1200 4392 a
1208 4347 1309 4413 variety

118 4423 151 4474 of
157 4423 278 4483 diseases,
289 4421 336 4470 bnt
345 4423 398 4470 also
411 4437 426 4469 a
438 4421 536 4485 variety
546 4419 577 4470 of
585 4422 760 4488 peculiarities
772 4423 798 4471 in
810 4424 853 4473 tlrc
865 4439 934 4472 same
946 4439 1063 4489 persons,
1075 4425 1125 4474 and
1136 4441 1185 4474 one
1195 4428 1252 4477 who
1263 4429 1308 4481 has

117 4505 185 4556 been
197 4505 299 4554 treated
311 4502 514 4566 unauccessfully
526 4502 560 4564 by
572 4504 726 4568 apparently
737 4505 905 4570 appropriate
922 4506 1059 4570 remedies,
1075 4508 1097 4557 is
1109 4506 1257 4574 frequently
1269 4526 1308 4560 re·

118 4585 206 4639 stored
216 4586 251 4651 by
261 4586 330 4637 their
343 4585 496 4638 contraries.
529 4583 589 4639 And
606 4585 680 4640 there
691 4585 713 4639 is
726 4586 779 4638 also
792 4588 868 4640 much
884 4586 1086 4640 discriminatiou
1097 4597 1122 4640 to
1135 4590 1168 4642 be
1178 4590 1306 4645 observed
