2874 5040
636 223 817 267 ruarmo.

119 203 201 291 ’1,111.
225 202 265 286 1.]

129 374 223 454 Quod
233 376 261 440 si
270 375 557 460 contemplationem
565 395 667 438 rerum
676 387 806 452 naturae,

125 482 222 546 quam
237 474 351 526 temere
368 461 484 525 medici
494 461 551 524 sibi
566 459 736 537 vindicant,
759 483 807 524 sa·

127 547 169 615 tis
185 548 476 631 comprehendisset,
486 547 578 610 etiam
593 546 671 609 illud
687 547 803 625 scisset,

123 631 208 694 nihil
222 634 348 697 omnino
361 635 400 697 ob
415 655 508 698 unam
523 653 645 695 causam
660 631 737 706 fieri,
750 633 804 696 sed

124 717 161 781 id
179 739 235 802 pro
258 742 349 784 eausa
370 717 571 804 apprehendi,
593 719 675 802 quod
697 730 805 781 eontu-

124 802 200 867 lisse
214 805 382 890 plurimum
397 805 528 868 videtur.
573 805 682 867 Potest
700 817 803 867 autem

125 887 173 967 id,
197 891 273 954 dum
288 891 386 954 solum
404 903 462 967 est,
486 912 547 952 non
562 910 694 963 movere,
721 889 804 974 quod

120 974 269 1059 junctum
284 977 352 1041 aliis
367 976 499 1041 maxime
513 988 625 1037 moret.
669 974 803 1038 Accedit

126 1061 169 1124 ad
190 1061 270 1141 hsce,
292 1064 436 1148 quodne
457 1061 523 1146 ipse
544 1061 667 1146 quidem
683 1060 804 1124 Erasis-

125 1159 238 1228 tratus,
264 1149 319 1234 qui
348 1149 501 1213 transfuso
524 1147 557 1210 in
584 1146 710 1209 arterias
735 1169 804 1209 san-

124 1232 223 1318 guine
245 1234 359 1298 febrem
385 1234 453 1298 fieri
478 1233 565 1309 dicit,
593 1232 686 1317 idque
710 1231 802 1296 nimis

122 1319 244 1404 repleto
259 1341 384 1406 corpore
398 1319 544 1395 incidere,
559 1319 684 1402 reperit,
696 1339 750 1382 eur
764 1339 804 1381 ex

65 1449 68 1452 -
122 1405 248 1470 duobus
263 1429 350 1492 aeque
366 1404 502 1490 repletis,
524 1405 601 1469 alter
615 1404 648 1466 in
662 1405 801 1467 morbum

121 1490 285 1570 incideret,
310 1494 387 1557 alter
401 1491 484 1555 omni
506 1490 641 1574 periculo
656 1503 799 1564 vacaret;

121 1579 208 1661 quod
233 1578 370 1663 quotidie
396 1577 462 1642 fieri
484 1589 618 1660 apparet.
664 1578 717 1640 Ex
741 1597 802 1660 quo

120 1662 201 1726 disci
216 1678 328 1748 potest,
351 1678 387 1728 ut
402 1686 474 1728 vera
494 1663 535 1726 sit
548 1662 602 1725 illa
624 1662 798 1739 transfusio,

120 1761 227 1813 tamen
248 1751 345 1827 illam,
368 1773 429 1814 non
443 1771 498 1832 per
513 1771 555 1824 se,
581 1770 650 1812 cum
673 1747 800 1832 plenum

120 1856 234 1919 corpus
249 1849 306 1915 est,
318 1836 395 1913 fieri,
406 1836 459 1900 sed
474 1857 542 1899 curn
557 1834 668 1897 horum
683 1833 800 1918 aliquid

119 1923 291 1986 accesserit.
339 1921 536 1986 Themisonis
552 1943 622 1983 vero
637 1919 753 1995 aemuli,
776 1920 802 1983 si

119 2020 282 2092 perpetua,
297 2030 367 2094 quae
381 2007 576 2093 promittunt,
596 2005 721 2083 habent,
738 2027 801 2068 ma-

119 2092 169 2176 gis
196 2095 301 2173 etiam,
330 2116 422 2180 quam
447 2092 504 2157 ulli
529 2090 692 2156 rationales
717 2105 799 2155 sunt.

120 2179 234 2264 Neque
252 2180 345 2257 enim,
366 2179 392 2242 si
431 2180 480 2243 uis
499 2202 561 2242 non
580 2177 683 2241 omnia
702 2188 797 2256 tenet,

120 2286 192 2349 quae
220 2267 379 2330 rationalis
404 2203 482 2329 tilius
508 2266 627 2348 probat,
657 2263 797 2347 pmtinus

119 2351 272 2415 alienove
283 2351 406 2415 nomine
418 2352 491 2416 artis
502 2350 639 2434 indiget;
657 2350 683 2412 si
694 2351 796 2426 modo,

118 2438 205 2521 quod
228 2438 361 2522 primum
381 2452 438 2515 est,
463 2460 525 2502 non
551 2436 705 2500 memoriae
727 2437 795 2512 soli,

119 2524 175 2586 sed
188 2523 302 2587 rationi
316 2546 437 2610 quoque
457 2522 581 2586 insistit.
627 2523 692 2598 Sin,
713 2524 795 2607 quod

119 2629 193 2673 vero
205 2610 332 2694 propius
347 2623 404 2685 est,
415 2610 467 2672 vix
480 2609 545 2672 ulla
559 2621 706 2692 perpetua
717 2631 795 2692 prae-

117 2709 210 2780 cepta
220 2695 411 2760 medicinalis
422 2718 470 2759 ars
484 2694 603 2780 recipit,
613 2695 695 2758 idem
711 2708 793 2773 sunt,

117 2783 202 2866 quod
221 2781 257 2860 ii,
283 2803 359 2867 quos
384 2781 592 2866 experimenta
617 2781 680 2843 sola
705 2781 796 2843 susti-

117 2881 217 2932 nent:
254 2891 290 2932 eo
315 2867 425 2952 magis,
460 2867 615 2953 quoniam,
644 2888 795 2950 compres-

919 200 940 251 0
1278 203 1321 271 19

857 456 989 508 hendisoet
1013 456 1254 520 contemplatlonem
1277 471 1317 506 re·

856 521 1317 587 rumnatnrae,quammedieltemere

854 588 985 636 vinoleam
997 588 1053 642 sibi,
1063 589 1139 635 etiarn
1153 586 1214 633 llhrd
1226 587 1318 636 scisset

854 649 1319 712 nihilomninoobunamcausamileri,

854 715 1316 780 sedldappreheudlproeaosa,qnod

853 783 957 831 videtur
1001 780 1136 846 plurimum
1167 782 1315 831 contulisse.

853 848 948 896 Autem
967 845 994 894 id
1015 861 1064 895 non
1087 850 1182 909 potest,
1202 859 1314 906 movere,

854 912 914 960 dnm
937 917 977 960 est
999 913 1088 970 solnm,
1110 909 1177 972 quod
1192 909 1314 972 junctum

853 978 909 1025 allis
930 984 1017 1024 movet
1038 976 1156 1044 maxime.
1208 974 1314 1026 Accidit

855 1042 888 1090 ad
900 1043 965 1102 hrec,
976 1041 1043 1105 quod
1055 1040 1201 1104 nequidem
1213 1040 1312 1089 Erasis-

853 1112 937 1154 tratus
958 1107 1021 1168 lpse,
1051 1105 1156 1168 reperit,
1183 1105 1226 1168 qni
1249 1088 1320 1156 dictf

853 1169 953 1219 febrem
966 1169 1031 1230 fieri,
1045 1172 1168 1232 sangnine
1182 1172 1312 1220 transfuso

853 1235 879 1283 ln
896 1236 1002 1297 arteria,
1019 1250 1069 1299 que
1084 1236 1111 1283 ld
1123 1233 1237 1284 inridere
1255 1252 1312 1285 cor-

853 1315 915 1364 pore
932 1302 1006 1348 ulmis
1023 1303 1134 1363 repleto,
1151 1314 1198 1347 eur
1209 1301 1313 1350 exduo·

854 1365 911 1427 bns,
923 1365 1121 1430 aeqtrerepletls,
1136 1364 1202 1414 alter
1213 1365 1310 1415 incide·

852 1438 894 1478 ret
915 1432 940 1479 in
967 1430 1092 1490 morbum,
1118 1431 1184 1478 alter
1203 1438 1312 1480 vacaret

852 1496 920 1543 omni
943 1495 1074 1558 pericn103
1108 1495 1175 1558 quod
1199 1505 1311 1559 apparet

850 1560 907 1608 fieri
928 1559 1051 1624 qnotidie.
1093 1560 1133 1607 Ex
1157 1575 1208 1624 qno
1226 1568 1311 1624 potest

852 1625 926 1685 disci,
945 1631 972 1672 ut
984 1625 1026 1671 illa
1037 1625 1177 1673 transfusio
1188 1625 1221 1673 sit
1237 1641 1310 1690 vera,

850 1696 935 1738 tamen
944 1689 1011 1736 illam
1021 1703 1069 1735 non
1078 1688 1133 1736 lieri
1144 1704 1191 1753 per
1202 1705 1239 1751 se,
1250 1706 1309 1740 cunr

850 1769 943 1818 eorpus
954 1761 995 1801 est
1009 1754 1120 1816 plenum,
1137 1756 1181 1803 sed
1196 1769 1253 1804 cnm
1265 1758 1310 1806 ali·

850 1821 911 1883 quid
934 1821 1022 1866 horum
1044 1821 1192 1868 accesserit.

884 1884 954 1932 Vero
963 1884 1047 1931 aernuli
1055 1884 1227 1946 Themisonis,
1234 1887 1254 1935 si
1266 1887 1311 1936 ha·

852 1947 914 1997 bent
931 1955 1065 2012 perpetua,
1079 1963 1136 2010 qnae
1148 1954 1308 2012 promittunt,

850 2016 928 2062 etlam
940 2020 998 2061 sunt
1006 2013 1309 2080 magisratlonalesquam

852 2080 903 2126 nlll.
920 2079 994 2126 Enim
1003 2092 1097 2140 neque,
1109 2079 1129 2124 sl
1141 2081 1196 2142 quis
1208 2095 1256 2129 non
1269 2089 1307 2129 tc·

851 2151 896 2193 net
912 2143 1005 2200 onmia,
1022 2157 1079 2206 qnae
1096 2143 1158 2190 alins
1178 2146 1308 2196 rationahs

849 2208 951 2271 prohat,
957 2207 1231 2270 protlnnsindlgetallo
1241 2225 1306 2260 novo

848 2274 949 2321 nomine
960 2274 1038 2330 artls;
1063 2275 1084 2318 si
1092 2273 1177 2335 modo,
1188 2275 1255 2337 quod
1265 2283 1307 2325 est

848 2340 965 2401 primum,
988 2353 1038 2386 non
1066 2336 1159 2385 insistit
1177 2342 1306 2392 memoriae

848 2404 905 2462 soli,
926 2403 970 2450 sed
995 2416 1095 2465 quoque
1117 2403 1216 2452 rationi.
1252 2406 1307 2467 Sin,

846 2467 913 2532 quod
936 2476 975 2517 est
1001 2467 1105 2530 propius
1126 2483 1196 2529 vero,
1225 2471 1306 2520 rnedi-

846 2533 935 2581 cinulis
952 2547 993 2579 ars
1009 2533 1109 2594 reelpet
1121 2533 1163 2581 vix
1181 2535 1232 2583 ulla
1247 2552 1307 2599 per.

846 2606 924 2660 petua
934 2605 1074 2660 praecepta,
1082 2606 1140 2647 sunt
1150 2600 1227 2659 idern,
1238 2603 1306 2664 quod

845 2661 871 2721 il,
888 2678 951 2726 quos
967 2664 1143 2725 experimenta
1161 2667 1215 2714 sola
1231 2669 1307 2716 susti-

845 2736 924 2778 nent:
942 2742 972 2776 eo
983 2729 1074 2790 magis,
1091 2731 1218 2793 quonlam,
1231 2732 1304 2795 quili-

587 3067 840 3110 TRANSLATION.

116 3179 320 3245 contemplation
331 3179 362 3228 of
369 3179 413 3228 the
424 3179 486 3229 lawa
497 3179 528 3228 of
545 3185 645 3237 nature,
656 3178 737 3227 which
749 3179 894 3242 physielaus
914 3181 998 3244 rashly
1010 3181 1083 3230 claim
1096 3189 1124 3231 to
1142 3184 1304 3250 themselves,

115 3265 147 3312 he
159 3271 229 3312 must
239 3264 304 3311 have
315 3263 409 3311 known
421 3261 472 3311 this
487 3262 548 3322 also,
565 3263 623 3311 that
634 3261 740 3323 nothing
752 3276 800 3310 can
812 3263 878 3311 arlse
896 3263 1004 3326 entirely
1015 3263 1079 3311 from
1093 3281 1142 3314 one
1154 3282 1239 3332 cause,
1258 3272 1304 3322 but

115 3346 173 3396 that
190 3351 260 3394 most
272 3343 305 3393 be
317 3345 394 3393 taken
406 3343 446 3392 for
458 3343 501 3392 the
518 3358 594 3391 cause
607 3342 689 3390 which
701 3357 784 3390 seems
796 3349 822 3391 to
833 3345 898 3392 have
911 3346 1075 3393 contrihnted
1093 3355 1161 3398 rnost
1172 3356 1198 3398 to
1211 3352 1253 3400 the
1265 3353 1304 3402 ef.

116 3427 178 3478 fect.
211 3427 278 3475 Now
286 3426 307 3474 lt
316 3440 374 3489 may
382 3426 494 3488 hoppen,
510 3425 566 3473 that
574 3426 631 3473 that
639 3425 722 3472 which
731 3438 777 3472 can
787 3426 899 3487 produce
909 3442 940 3474 no
951 3424 1118 3492 effectnlone,
1127 3430 1204 3494 being
1215 3434 1304 3484 united

111 3510 180 3559 *with
190 3509 266 3557 other
277 3508 361 3569 things
372 3508 457 3556 excite
467 3521 529 3570 very
540 3508 624 3554 much.
658 3506 688 3554 In
701 3506 814 3554 addition
827 3514 854 3555 to
870 3508 941 3556 these
953 3509 1047 3569 things,
1064 3509 1103 3558 for
1113 3512 1195 3561 which
1206 3515 1305 3565 Erasis-

117 3597 205 3641 tranis
212 3589 319 3638 himself
325 3589 400 3639 could
407 3589 493 3651 assign
505 3604 536 3636 no
549 3604 634 3649 cause,
645 3591 675 3637 he
684 3604 741 3652 says
752 3589 808 3638 that
816 3604 831 3636 a
840 3587 912 3636 sever
924 3590 1002 3636 arises
1014 3588 1077 3638 ironr
1086 3608 1101 3639 a
1111 3588 1267 3646 transfusion
1278 3598 1311 3648 of

117 3673 162 3723 tire
172 3671 250 3721 blood
260 3672 315 3720 into
332 3672 376 3720 the
386 3671 506 3730 arteries,
523 3671 571 3718 and
585 3673 641 3719 that
652 3672 703 3719 this
719 3672 834 3734 happens
854 3677 880 3718 to
892 3671 1016 3734 plethorle
1035 3688 1156 3735 persons:
1174 3677 1233 3740 why
1244 3680 1305 3729 then

117 3754 148 3804 of
152 3761 209 3804 two
215 3767 320 3816 persons
328 3753 430 3816 equally
437 3752 562 3815 plethorlc
571 3755 633 3801 shall
641 3753 684 3802 the
695 3767 743 3802 one
754 3753 857 3801 become
869 3752 996 3812 diseased,
1005 3755 1090 3805 whllst
1098 3758 1142 3804 the
1153 3760 1228 3807 other
1243 3763 1307 3811 shall

117 3849 213 3900 escape
222 3834 287 3883 frorn
299 3835 331 3882 all
343 3835 459 3897 danger?
477 3835 560 3882 which
568 3849 676 3896 appears
689 3843 716 3884 to
724 3836 826 3898 happen
838 3834 915 3897 daily.
936 3836 976 3897 By
988 3837 1037 3884 this
1049 3838 1068 3883 it
1080 3853 1137 3900 may
1148 3839 1179 3887 be
1191 3841 1306 3905 learned,

117 3919 175 3966 that
185 3916 307 3979 although
318 3916 368 3965 this
380 3915 533 3965 transfnslon
551 3931 608 3978 may
621 3916 681 3967 take
700 3917 784 3979 place,
801 3924 845 3979 yet
860 3917 915 3965 that
928 3916 990 3964 does
1004 3925 1049 3966 not
1068 3920 1169 3983 happen
1181 3921 1211 3969 of
1225 3923 1306 3987 isselt,

117 4000 193 4047 when
211 3999 286 4047 there
297 3999 318 4046 is
336 3999 460 4061 plethora,
480 3999 524 4046 but
541 3999 616 4047 when
634 3998 687 4047 itis
700 3997 882 4061 aecompanied
904 3998 937 4062 hy
949 4015 1017 4047 some
1029 4000 1060 4048 of
1074 4003 1146 4050 those
1162 4005 1305 4054 conditione

116 4079 371 4131 above-mentioned.

150 4164 206 4211 But
216 4160 241 4210 lf
255 4163 300 4210 the
312 4161 432 4223 disciples
443 4160 474 4210 of
487 4162 623 4210 Themison
634 4163 699 4210 have
716 4160 831 4210 asserted
844 4160 912 4210 their
928 4162 1067 4226 principles
1079 4171 1105 4213 to
1117 4165 1150 4213 be
1161 4170 1306 4231 perpetual,

117 4246 181 4308 they
187 4258 231 4292 are
239 4257 304 4291 even
312 4250 414 4304 greater
424 4245 578 4292 rationallsts
588 4245 648 4292 than
656 4245 750 4300 others3
764 4243 805 4292 t'or
814 4244 993 4306 althoughone
1000 4261 1057 4294 man
1066 4247 1127 4295 does
1136 4255 1180 4296 not
1187 4249 1307 4300 embrace

118 4340 197 4389 every
207 4325 370 4373 tenetwhlch
382 4326 490 4375 another
498 4340 635 4389 approves,
645 4327 688 4373 the
700 4332 740 4372 art
752 4325 824 4373 ltself
831 4326 947 4388 requires
961 4342 993 4374 no
1005 4342 1062 4375 new
1071 4343 1161 4390 name3
1181 4330 1226 4379 but
1236 4347 1306 4395 upon

117 4407 167 4456 this
177 4406 320 4467 condition,
331 4407 388 4456 that
398 4408 430 4456 he
444 4407 506 4456 does
517 4414 563 4456 not
572 4408 646 4455 insist
657 4421 725 4470 upon
737 4421 850 4470 mernory
862 4408 944 4468 alone,
961 4409 1068 4456 without
1080 4411 1179 4474 theory,
1190 4413 1272 4462 which
1284 4415 1306 4463 is

117 4490 162 4538 the
173 4489 303 4553 principat
317 4490 399 4553 thing.
432 4489 486 4539 But
497 4489 526 4551 11,
543 4490 624 4539 which
636 4490 658 4539 is
672 4503 764 4539 nearer
773 4497 800 4538 to
812 4491 855 4538 the
867 4491 946 4552 truth,
964 4492 1007 4538 the
1019 4491 1127 4540 medical
1142 4501 1182 4542 art
1192 4498 1307 4560 scarcely

119 4571 215 4621 admits
224 4569 255 4620 of
261 4584 312 4635 any
324 4571 573 4638 perpetratarum,
581 4573 641 4636 they
653 4586 697 4622 are
712 4572 756 4622 the
767 4585 835 4622 same
848 4571 910 4624 with
923 4572 996 4622 those
1004 4574 1133 4624 sustained
1147 4573 1182 4638 by
1193 4578 1306 4641 practice

1128 4663 1187 4724 e‘t
