<?xml version="1.0" encoding="UTF-8"?>
<!DOCTYPE html PUBLIC "-//W3C//DTD XHTML 1.0 Transitional//EN"
    "http://www.w3.org/TR/xhtml1/DTD/xhtml1-transitional.dtd">
<html xmlns="http://www.w3.org/1999/xhtml" xml:lang="en" lang="en">
 <head>
  <title>
</title>
<meta http-equiv="Content-Type" content="text/html;charset=utf-8" />
  <meta name='ocr-system' content='tesseract 3.04.00' />
  <meta name='ocr-capabilities' content='ocr_page ocr_carea ocr_par ocr_line ocrx_word'/>
</head>
<body>
  <div class='ocr_page' id='page_1' title='image "aurcorcelsusonm00rodegoog_0079.png"; bbox 0 0 2874 5040; ppageno 0'>
   <div class='ocr_carea' id='block_1_1' title="bbox 181 217 225 280">
    <p class='ocr_par' dir='ltr' id='par_1_1' title="bbox 181 217 225 280">
     <span class='ocr_line' id='line_1_1' title="bbox 181 217 225 280; baseline 0 0"><span class='ocrx_word' id='word_1_1' title='bbox 181 217 225 280; x_wconf 83' lang='lat'>38</span> 
     </span>
    </p>
   </div>
   <div class='ocr_carea' id='block_1_2' title="bbox 123 382 855 2965">
    <p class='ocr_par' dir='ltr' id='par_1_2' title="bbox 123 382 855 2965">
     <span class='ocr_line' id='line_1_2' title="bbox 182 382 854 457; baseline -0.006 -8"><span class='ocrx_word' id='word_1_2' title='bbox 182 385 402 450; x_wconf 90' lang='lat' dir='ltr'>tumdecimum</span> <span class='ocrx_word' id='word_1_3' title='bbox 417 387 498 451; x_wconf 89' lang='lat' dir='ltr'>diem</span> <span class='ocrx_word' id='word_1_4' title='bbox 514 383 685 457; x_wconf 90' lang='lat' dir='ltr'>vomuerit;</span> <span class='ocrx_word' id='word_1_5' title='bbox 712 382 773 446; x_wconf 90' lang='lat' dir='ltr'>nisi</span> <span class='ocrx_word' id='word_1_6' title='bbox 786 382 854 446; x_wconf 85' lang='lat' dir='ltr'>haec</span> 
     </span>
     <span class='ocr_line' id='line_1_3' title="bbox 181 469 855 556; baseline -0.004 -22"><span class='ocrx_word' id='word_1_7' title='bbox 181 493 266 535; x_wconf 91' lang='lat' dir='ltr'>mora</span> <span class='ocrx_word' id='word_1_8' title='bbox 294 475 475 556; x_wconf 87' lang='lat' dir='ltr'>gravitatem</span> <span class='ocrx_word' id='word_1_9' title='bbox 500 470 617 554; x_wconf 87' lang='lat' dir='ltr'>pectori</span> <span class='ocrx_word' id='word_1_10' title='bbox 643 469 744 532; x_wconf 88' lang='lat' dir='ltr'>faciet.</span> <span class='ocrx_word' id='word_1_11' title='bbox 790 469 855 532; x_wconf 93' lang='lat' dir='ltr'>De·</span> 
     </span>
     <span class='ocr_line' id='line_1_4' title="bbox 175 557 855 641; baseline -0.004 -21"><span class='ocrx_word' id='word_1_12' title='bbox 175 557 272 641; x_wconf 85' lang='lat' dir='ltr'>jectio</span> <span class='ocrx_word' id='word_1_13' title='bbox 294 571 395 621; x_wconf 89' lang='lat' dir='ltr'>autern</span> <span class='ocrx_word' id='word_1_14' title='bbox 418 559 640 622; x_wconf 89' lang='lat' dir='ltr'>medicamento</span> <span class='ocrx_word' id='word_1_15' title='bbox 661 576 782 640; x_wconf 86' lang='lat' dir='ltr'>quoque</span> <span class='ocrx_word' id='word_1_16' title='bbox 802 576 855 638; x_wconf 88' lang='lat' dir='ltr'>pe·</span> 
     </span>
     <span class='ocr_line' id='line_1_5' title="bbox 181 643 853 738; baseline -0.003 -34"><span class='ocrx_word' id='word_1_17' title='bbox 181 643 274 706; x_wconf 92' lang='lat' dir='ltr'>tenda</span> <span class='ocrx_word' id='word_1_18' title='bbox 289 656 346 721; x_wconf 92' lang='lat' dir='ltr'>est,</span> <span class='ocrx_word' id='word_1_19' title='bbox 360 643 415 709; x_wconf 93' lang='lat' dir='ltr'>ubi</span> <span class='ocrx_word' id='word_1_20' title='bbox 429 661 536 708; x_wconf 86' lang='lat' dir='ltr'>venter</span> <span class='ocrx_word' id='word_1_21' title='bbox 551 663 731 725; x_wconf 88' lang='lat' dir='ltr'>suppressus</span> <span class='ocrx_word' id='word_1_22' title='bbox 745 661 853 738; x_wconf 90' lang='lat' dir='ltr'>parum</span> 
     </span>
     <span class='ocr_line' id='line_1_6' title="bbox 179 726 853 816; baseline -0.004 -25"><span class='ocrx_word' id='word_1_23' title='bbox 179 729 292 807; x_wconf 86' lang='lat' dir='ltr'><strong>reddit,</strong></span> <span class='ocrx_word' id='word_1_24' title='bbox 315 752 464 816; x_wconf 86' lang='lat' dir='ltr'>excoque</span> <span class='ocrx_word' id='word_1_25' title='bbox 486 727 670 804; x_wconf 88' lang='lat' dir='ltr'>inflationes,</span> <span class='ocrx_word' id='word_1_26' title='bbox 695 726 853 810; x_wconf 89' lang='lat' dir='ltr'>cahgines,</span> 
     </span>
     <span class='ocr_line' id='line_1_7' title="bbox 180 811 854 900; baseline -0.004 -23"><span class='ocrx_word' id='word_1_27' title='bbox 180 814 289 897; x_wconf 89' lang='lat' dir='ltr'>capitis</span> <span class='ocrx_word' id='word_1_28' title='bbox 301 816 431 894; x_wconf 89' lang='lat' dir='ltr'>dolores,</span> <span class='ocrx_word' id='word_1_29' title='bbox 447 816 566 900; x_wconf 90' lang='lat' dir='ltr'>aliaque</span> <span class='ocrx_word' id='word_1_30' title='bbox 581 811 744 898; x_wconf 90' lang='lat' dir='ltr'>superioris</span> <span class='ocrx_word' id='word_1_31' title='bbox 758 811 854 895; x_wconf 91' lang='lat' dir='ltr'>partis</span> 
     </span>
     <span class='ocr_line' id='line_1_8' title="bbox 168 896 854 980; baseline -0.003 -19"><span class='ocrx_word' id='word_1_32' title='bbox 168 900 259 980; x_wconf 85' lang='lat' dir='ltr'>mala</span> <span class='ocrx_word' id='word_1_33' title='bbox 272 901 455 966; x_wconf 89' lang='lat' dir='ltr'>increscunt.</span> <span class='ocrx_word' id='word_1_34' title='bbox 501 899 585 979; x_wconf 83' lang='lat' dir='ltr'>Quid</span> <span class='ocrx_word' id='word_1_35' title='bbox 599 898 680 962; x_wconf 91' lang='lat' dir='ltr'>enim</span> <span class='ocrx_word' id='word_1_36' title='bbox 692 898 773 960; x_wconf 91' lang='lat' dir='ltr'>inter</span> <span class='ocrx_word' id='word_1_37' title='bbox 787 896 854 960; x_wconf 87' lang='lat' dir='ltr'>haee</span> 
     </span>
     <span class='ocr_line' id='line_1_9' title="bbox 178 981 855 1071; baseline -0.006 -23"><span class='ocrx_word' id='word_1_38' title='bbox 178 986 326 1068; x_wconf 88' lang='lat' dir='ltr'>adjuvare</span> <span class='ocrx_word' id='word_1_39' title='bbox 348 1001 477 1070; x_wconf 83' lang='lat' dir='ltr'><strong>possunt</strong></span> <span class='ocrx_word' id='word_1_40' title='bbox 498 981 585 1071; x_wconf 85' lang='lat' dir='ltr'>quies</span> <span class='ocrx_word' id='word_1_41' title='bbox 608 997 640 1047; x_wconf 90' lang='lat' dir='ltr'>et</span> <span class='ocrx_word' id='word_1_42' title='bbox 664 982 777 1058; x_wconf 91' lang='lat' dir='ltr'>inedia,</span> <span class='ocrx_word' id='word_1_43' title='bbox 799 1004 855 1066; x_wconf 92' lang='lat' dir='ltr'>per</span> 
     </span>
     <span class='ocr_line' id='line_1_10' title="bbox 178 1067 852 1155; baseline -0.003 -22"><span class='ocrx_word' id='word_1_44' title='bbox 178 1093 248 1155; x_wconf 88' lang='lat' dir='ltr'>quae</span> <span class='ocrx_word' id='word_1_45' title='bbox 262 1072 316 1136; x_wconf 92' lang='lat' dir='ltr'>illa</span> <span class='ocrx_word' id='word_1_46' title='bbox 330 1074 461 1136; x_wconf 85' lang='lat' dir='ltr'>maxime</span> <span class='ocrx_word' id='word_1_47' title='bbox 483 1072 653 1136; x_wconf 81' lang='lat' dir='ltr'>eveniunt?</span> <span class='ocrx_word' id='word_1_48' title='bbox 699 1068 761 1146; x_wconf 82' lang='lat' dir='ltr'>Qui</span> <span class='ocrx_word' id='word_1_49' title='bbox 776 1067 852 1150; x_wconf 86' lang='lat' dir='ltr'>deji-</span> 
     </span>
     <span class='ocr_line' id='line_1_11' title="bbox 179 1156 852 1304; baseline -0.006 -83"><span class='ocrx_word' id='word_1_50' title='bbox 179 1179 247 1221; x_wconf 84' lang='lat' dir='ltr'>cere</span> <span class='ocrx_word' id='word_1_51' title='bbox 261 1159 355 1236; x_wconf 87' lang='lat' dir='ltr'>volet,</span> <span class='ocrx_word' id='word_1_52' title='bbox 377 1159 510 1243; x_wconf 90' lang='lat' dir='ltr'>primum</span> <span class='ocrx_word' id='word_1_53' title='bbox 531 1157 608 1222; x_wconf 85' lang='lat' dir='ltr'>cibis</span> <span class='ocrx_word' id='word_1_54' title='bbox 631 1156 771 1304; x_wconf 71' lang='lat' dir='ltr'>vinisque</span> <span class='ocrx_word' id='word_1_55' title='bbox 785 1169 852 1218; x_wconf 90' lang='lat' dir='ltr'>uta-</span> 
     </span>
     <span class='ocr_line' id='line_1_12' title="bbox 178 1241 851 1330; baseline -0.003 -24"><span class='ocrx_word' id='word_1_56' title='bbox 178 1255 230 1306; x_wconf 90' lang='lat' dir='ltr'>tur</span> <span class='ocrx_word' id='word_1_57' title='bbox 255 1243 309 1321; x_wconf 73' lang='lat' dir='ltr'>iis5</span> <span class='ocrx_word' id='word_1_58' title='bbox 335 1267 405 1330; x_wconf 87' lang='lat' dir='ltr'>quae</span> <span class='ocrx_word' id='word_1_59' title='bbox 433 1244 493 1308; x_wconf 89' lang='lat' dir='ltr'>hoo</span> <span class='ocrx_word' id='word_1_60' title='bbox 520 1254 687 1328; x_wconf 89' lang='lat' dir='ltr'>praestant;</span> <span class='ocrx_word' id='word_1_61' title='bbox 734 1241 795 1316; x_wconf 92' lang='lat' dir='ltr'>ein,</span> <span class='ocrx_word' id='word_1_62' title='bbox 825 1241 851 1304; x_wconf 90' lang='lat' dir='ltr'>si</span> 
     </span>
     <span class='ocr_line' id='line_1_13' title="bbox 176 1327 851 1414; baseline -0.003 -22"><span class='ocrx_word' id='word_1_63' title='bbox 176 1349 286 1412; x_wconf 83' lang='lat' dir='ltr'>pamm</span> <span class='ocrx_word' id='word_1_64' title='bbox 300 1330 355 1394; x_wconf 93' lang='lat' dir='ltr'>illa</span> <span class='ocrx_word' id='word_1_65' title='bbox 369 1329 539 1414; x_wconf 84' lang='lat' dir='ltr'>proficient,</span> <span class='ocrx_word' id='word_1_66' title='bbox 554 1329 642 1393; x_wconf 73' lang='lat' dir='ltr'>aloen</span> <span class='ocrx_word' id='word_1_67' title='bbox 655 1341 763 1392; x_wconf 89' lang='lat' dir='ltr'>sumat.</span> <span class='ocrx_word' id='word_1_68' title='bbox 789 1327 851 1390; x_wconf 91' lang='lat' dir='ltr'>Sed</span> 
     </span>
     <span class='ocr_line' id='line_1_14' title="bbox 177 1414 851 1501; baseline 0 -25"><span class='ocrx_word' id='word_1_69' title='bbox 177 1415 374 1498; x_wconf 82' lang='lat' dir='ltr'>purgationes</span> <span class='ocrx_word' id='word_1_70' title='bbox 389 1438 519 1501; x_wconf 91' lang='lat' dir='ltr'>quoque,</span> <span class='ocrx_word' id='word_1_71' title='bbox 532 1427 567 1479; x_wconf 94' lang='lat' dir='ltr'>ut</span> <span class='ocrx_word' id='word_1_72' title='bbox 582 1414 737 1478; x_wconf 89' lang='lat' dir='ltr'>interdum</span> <span class='ocrx_word' id='word_1_73' title='bbox 748 1435 851 1477; x_wconf 89' lang='lat' dir='ltr'>neces-</span> 
     </span>
     <span class='ocr_line' id='line_1_15' title="bbox 177 1499 851 1586; baseline 0 -24"><span class='ocrx_word' id='word_1_74' title='bbox 177 1501 266 1564; x_wconf 85' lang='lat' dir='ltr'>sariae</span> <span class='ocrx_word' id='word_1_75' title='bbox 275 1515 358 1578; x_wconf 88' lang='lat' dir='ltr'>sunt,</span> <span class='ocrx_word' id='word_1_76' title='bbox 369 1503 422 1580; x_wconf 90' lang='lat' dir='ltr'>sio,</span> <span class='ocrx_word' id='word_1_77' title='bbox 432 1503 486 1566; x_wconf 93' lang='lat' dir='ltr'>ubi</span> <span class='ocrx_word' id='word_1_78' title='bbox 494 1502 668 1586; x_wconf 89' lang='lat' dir='ltr'>frequentes</span> <span class='ocrx_word' id='word_1_79' title='bbox 680 1511 762 1576; x_wconf 91' lang='lat' dir='ltr'>sunt,</span> <span class='ocrx_word' id='word_1_80' title='bbox 771 1499 851 1584; x_wconf 90' lang='lat' dir='ltr'>peri-</span> 
     </span>
     <span class='ocr_line' id='line_1_16' title="bbox 176 1585 850 1651; baseline -0.003 -3"><span class='ocrx_word' id='word_1_81' title='bbox 176 1586 282 1650; x_wconf 92' lang='lat' dir='ltr'>culum</span> <span class='ocrx_word' id='word_1_82' title='bbox 305 1588 445 1651; x_wconf 84' lang='lat' dir='ltr'>afferunt.</span> <span class='ocrx_word' id='word_1_83' title='bbox 489 1586 652 1650; x_wconf 82' lang='lat' dir='ltr'>Assuescit</span> <span class='ocrx_word' id='word_1_84' title='bbox 677 1585 758 1649; x_wconf 90' lang='lat' dir='ltr'>enim</span> <span class='ocrx_word' id='word_1_85' title='bbox 788 1607 850 1647; x_wconf 94' lang='lat' dir='ltr'>non</span> 
     </span>
     <span class='ocr_line' id='line_1_17' title="bbox 176 1671 850 1758; baseline 0 -24"><span class='ocrx_word' id='word_1_86' title='bbox 176 1672 218 1734; x_wconf 94' lang='lat' dir='ltr'>ali</span> <span class='ocrx_word' id='word_1_87' title='bbox 242 1696 372 1758; x_wconf 80' lang='lat' dir='ltr'>corpus3</span> <span class='ocrx_word' id='word_1_88' title='bbox 398 1697 468 1738; x_wconf 90' lang='lat' dir='ltr'>curn</span> <span class='ocrx_word' id='word_1_89' title='bbox 494 1673 635 1741; x_wconf 89' lang='lat' dir='ltr'>omnibus</span> <span class='ocrx_word' id='word_1_90' title='bbox 659 1671 773 1735; x_wconf 89' lang='lat' dir='ltr'>morbis</span> <span class='ocrx_word' id='word_1_91' title='bbox 798 1672 850 1734; x_wconf 81' lang='lat' dir='ltr'>ob</span> 
     </span>
     <span class='ocr_line' id='line_1_18' title="bbox 175 1757 849 1824; baseline 0.001 -5"><span class='ocrx_word' id='word_1_92' title='bbox 175 1759 268 1822; x_wconf 85' lang='lat' dir='ltr'>noxia</span> <span class='ocrx_word' id='word_1_93' title='bbox 282 1761 414 1824; x_wconf 85' lang='lat' dir='ltr'>maxime</span> <span class='ocrx_word' id='word_1_94' title='bbox 427 1759 589 1823; x_wconf 87' lang='lat' dir='ltr'>infirmitas</span> <span class='ocrx_word' id='word_1_95' title='bbox 605 1757 653 1821; x_wconf 90' lang='lat' dir='ltr'>sit.</span> <span class='ocrx_word' id='word_1_96' title='bbox 699 1757 849 1822; x_wconf 82' lang='lat' dir='ltr'>Calefacit</span> 
     </span>
     <span class='ocr_line' id='line_1_19' title="bbox 175 1843 848 1931; baseline 0.001 -26"><span class='ocrx_word' id='word_1_97' title='bbox 175 1857 278 1907; x_wconf 90' lang='lat' dir='ltr'>autem</span> <span class='ocrx_word' id='word_1_98' title='bbox 293 1847 409 1924; x_wconf 90' lang='lat' dir='ltr'>unctio,</span> <span class='ocrx_word' id='word_1_99' title='bbox 434 1868 513 1931; x_wconf 92' lang='lat' dir='ltr'>aqua</span> <span class='ocrx_word' id='word_1_100' title='bbox 535 1844 624 1922; x_wconf 91' lang='lat' dir='ltr'>salsa,</span> <span class='ocrx_word' id='word_1_101' title='bbox 639 1843 797 1929; x_wconf 85' lang='lat' dir='ltr'>magisque</span> <span class='ocrx_word' id='word_1_102' title='bbox 822 1844 848 1907; x_wconf 91' lang='lat' dir='ltr'>si</span> 
     </span>
     <span class='ocr_line' id='line_1_20' title="bbox 175 1929 847 2009; baseline 0.003 -18"><span class='ocrx_word' id='word_1_103' title='bbox 175 1929 275 1994; x_wconf 88' lang='lat' dir='ltr'>calida</span> <span class='ocrx_word' id='word_1_104' title='bbox 290 1944 346 2007; x_wconf 90' lang='lat' dir='ltr'>est,</span> <span class='ocrx_word' id='word_1_105' title='bbox 362 1933 464 1996; x_wconf 92' lang='lat' dir='ltr'>omnia</span> <span class='ocrx_word' id='word_1_106' title='bbox 477 1933 567 2009; x_wconf 88' lang='lat' dir='ltr'>salsa,</span> <span class='ocrx_word' id='word_1_107' title='bbox 583 1952 696 2007; x_wconf 90' lang='lat' dir='ltr'>amara,</span> <span class='ocrx_word' id='word_1_108' title='bbox 711 1951 847 2007; x_wconf 89' lang='lat' dir='ltr'>carnosa,</span> 
     </span>
     <span class='ocr_line' id='line_1_21' title="bbox 174 2015 848 2099; baseline 0 -21"><span class='ocrx_word' id='word_1_109' title='bbox 174 2015 200 2078; x_wconf 91' lang='lat' dir='ltr'>si</span> <span class='ocrx_word' id='word_1_110' title='bbox 212 2029 282 2099; x_wconf 91' lang='lat' dir='ltr'>post</span> <span class='ocrx_word' id='word_1_111' title='bbox 304 2017 405 2081; x_wconf 91' lang='lat' dir='ltr'>cibum</span> <span class='ocrx_word' id='word_1_112' title='bbox 427 2032 485 2095; x_wconf 90' lang='lat' dir='ltr'>est,</span> <span class='ocrx_word' id='word_1_113' title='bbox 503 2019 657 2093; x_wconf 91' lang='lat' dir='ltr'>balneum,</span> <span class='ocrx_word' id='word_1_114' title='bbox 675 2017 780 2079; x_wconf 89' lang='lat' dir='ltr'>vinum</span> <span class='ocrx_word' id='word_1_115' title='bbox 795 2038 848 2079; x_wconf 89' lang='lat' dir='ltr'>au-</span> 
     </span>
     <span class='ocr_line' id='line_1_22' title="bbox 173 2103 847 2189; baseline 0 -25"><span class='ocrx_word' id='word_1_116' title='bbox 173 2114 298 2165; x_wconf 90' lang='lat' dir='ltr'>sterum.</span> <span class='ocrx_word' id='word_1_117' title='bbox 345 2105 544 2189; x_wconf 80' lang='lat' dir='ltr'>Refrigerant</span> <span class='ocrx_word' id='word_1_118' title='bbox 558 2104 590 2166; x_wconf 93' lang='lat' dir='ltr'>in</span> <span class='ocrx_word' id='word_1_119' title='bbox 601 2104 721 2188; x_wconf 88' lang='lat' dir='ltr'>jejuno,</span> <span class='ocrx_word' id='word_1_120' title='bbox 737 2114 768 2164; x_wconf 94' lang='lat' dir='ltr'>et</span> <span class='ocrx_word' id='word_1_121' title='bbox 782 2103 847 2166; x_wconf 91' lang='lat' dir='ltr'>bal-</span> 
     </span>
     <span class='ocr_line' id='line_1_23' title="bbox 172 2190 845 2273; baseline 0.003 -23"><span class='ocrx_word' id='word_1_122' title='bbox 172 2209 277 2266; x_wconf 91' lang='lat' dir='ltr'>neum,</span> <span class='ocrx_word' id='word_1_123' title='bbox 292 2203 324 2254; x_wconf 89' lang='lat' dir='ltr'>et</span> <span class='ocrx_word' id='word_1_124' title='bbox 336 2214 471 2268; x_wconf 87' lang='lat' dir='ltr'>somnus,</span> <span class='ocrx_word' id='word_1_125' title='bbox 485 2191 546 2253; x_wconf 91' lang='lat' dir='ltr'>nisi</span> <span class='ocrx_word' id='word_1_126' title='bbox 557 2190 649 2252; x_wconf 91' lang='lat' dir='ltr'>nimis</span> <span class='ocrx_word' id='word_1_127' title='bbox 663 2190 773 2273; x_wconf 91' lang='lat' dir='ltr'>longus</span> <span class='ocrx_word' id='word_1_128' title='bbox 787 2207 845 2266; x_wconf 91' lang='lat' dir='ltr'>est,</span> 
     </span>
     <span class='ocr_line' id='line_1_24' title="bbox 173 2275 843 2362; baseline 0.004 -26"><span class='ocrx_word' id='word_1_129' title='bbox 173 2286 204 2337; x_wconf 95' lang='lat' dir='ltr'>et</span> <span class='ocrx_word' id='word_1_130' title='bbox 214 2276 316 2340; x_wconf 92' lang='lat' dir='ltr'>omnia</span> <span class='ocrx_word' id='word_1_131' title='bbox 325 2277 426 2350; x_wconf 82' lang='lat' dir='ltr'>aoida;</span> <span class='ocrx_word' id='word_1_132' title='bbox 440 2299 518 2362; x_wconf 90' lang='lat' dir='ltr'>aqua</span> <span class='ocrx_word' id='word_1_133' title='bbox 527 2298 619 2361; x_wconf 90' lang='lat' dir='ltr'>quarn</span> <span class='ocrx_word' id='word_1_134' title='bbox 629 2275 843 2359; x_wconf 76' lang='lat' dir='ltr'>frigidissima3</span> 
     </span>
     <span class='ocr_line' id='line_1_25' title="bbox 172 2361 845 2448; baseline 0.001 -26"><span class='ocrx_word' id='word_1_135' title='bbox 172 2361 285 2438; x_wconf 92' lang='lat' dir='ltr'>oleum,</span> <span class='ocrx_word' id='word_1_136' title='bbox 314 2363 339 2425; x_wconf 92' lang='lat' dir='ltr'>si</span> <span class='ocrx_word' id='word_1_137' title='bbox 365 2385 444 2448; x_wconf 91' lang='lat' dir='ltr'>aqua</span> <span class='ocrx_word' id='word_1_138' title='bbox 466 2363 620 2426; x_wconf 87' lang='lat' dir='ltr'>miscetur.</span> <span class='ocrx_word' id='word_1_139' title='bbox 669 2362 845 2424; x_wconf 89' lang='lat' dir='ltr'>Humidum</span> 
     </span>
     <span class='ocr_line' id='line_1_26' title="bbox 171 2447 844 2533; baseline 0.003 -25"><span class='ocrx_word' id='word_1_140' title='bbox 171 2460 273 2509; x_wconf 91' lang='lat' dir='ltr'>autern</span> <span class='ocrx_word' id='word_1_141' title='bbox 290 2470 399 2533; x_wconf 89' lang='lat' dir='ltr'>corpus</span> <span class='ocrx_word' id='word_1_142' title='bbox 417 2447 510 2512; x_wconf 90' lang='lat' dir='ltr'>efficit</span> <span class='ocrx_word' id='word_1_143' title='bbox 531 2448 617 2511; x_wconf 90' lang='lat' dir='ltr'>labor</span> <span class='ocrx_word' id='word_1_144' title='bbox 630 2447 737 2531; x_wconf 89' lang='lat' dir='ltr'>major,</span> <span class='ocrx_word' id='word_1_145' title='bbox 752 2468 844 2531; x_wconf 88' lang='lat' dir='ltr'>quarn</span> 
     </span>
     <span class='ocr_line' id='line_1_27' title="bbox 170 2533 845 2618; baseline 0.003 -24"><span class='ocrx_word' id='word_1_146' title='bbox 170 2552 209 2594; x_wconf 85' lang='lat' dir='ltr'>ex</span> <span class='ocrx_word' id='word_1_147' title='bbox 224 2534 456 2611; x_wconf 88' lang='lat' dir='ltr'>consuetudine,</span> <span class='ocrx_word' id='word_1_148' title='bbox 474 2534 616 2618; x_wconf 87' lang='lat' dir='ltr'>frequens</span> <span class='ocrx_word' id='word_1_149' title='bbox 632 2533 787 2610; x_wconf 87' lang='lat' dir='ltr'>balneum,</span> <span class='ocrx_word' id='word_1_150' title='bbox 803 2534 845 2597; x_wconf 91' lang='lat' dir='ltr'>ci-</span> 
     </span>
     <span class='ocr_line' id='line_1_28' title="bbox 169 2615 844 2703; baseline 0.007 -24"><span class='ocrx_word' id='word_1_151' title='bbox 169 2615 228 2679; x_wconf 93' lang='lat' dir='ltr'>bus</span> <span class='ocrx_word' id='word_1_152' title='bbox 257 2619 387 2702; x_wconf 88' lang='lat' dir='ltr'>plenior,</span> <span class='ocrx_word' id='word_1_153' title='bbox 416 2620 514 2683; x_wconf 93' lang='lat' dir='ltr'>multa</span> <span class='ocrx_word' id='word_1_154' title='bbox 538 2619 644 2703; x_wconf 71' lang='lat' dir='ltr'>potio,</span> <span class='ocrx_word' id='word_1_155' title='bbox 678 2633 749 2703; x_wconf 89' lang='lat' dir='ltr'>post</span> <span class='ocrx_word' id='word_1_156' title='bbox 776 2621 844 2684; x_wconf 89' lang='lat' dir='ltr'>haec</span> 
     </span>
     <span class='ocr_line' id='line_1_29' title="bbox 170 2704 843 2791; baseline 0.007 -26"><span class='ocrx_word' id='word_1_157' title='bbox 170 2704 348 2782; x_wconf 86' lang='lat' dir='ltr'>ambulatio,</span> <span class='ocrx_word' id='word_1_158' title='bbox 378 2718 409 2768; x_wconf 94' lang='lat' dir='ltr'>et</span> <span class='ocrx_word' id='word_1_159' title='bbox 431 2705 555 2790; x_wconf 83' lang='lat' dir='ltr'>vigilia:</span> <span class='ocrx_word' id='word_1_160' title='bbox 590 2727 699 2789; x_wconf 91' lang='lat' dir='ltr'>perse</span> <span class='ocrx_word' id='word_1_161' title='bbox 723 2727 843 2791; x_wconf 89' lang='lat' dir='ltr'>qnoque</span> 
     </span>
     <span class='ocr_line' id='line_1_30' title="bbox 169 2789 844 2868; baseline 0.009 -18"><span class='ocrx_word' id='word_1_162' title='bbox 169 2789 337 2854; x_wconf 87' lang='lat' dir='ltr'>ambulatio</span> <span class='ocrx_word' id='word_1_163' title='bbox 351 2791 449 2855; x_wconf 91' lang='lat' dir='ltr'>multa</span> <span class='ocrx_word' id='word_1_164' title='bbox 464 2803 495 2855; x_wconf 92' lang='lat' dir='ltr'>et</span> <span class='ocrx_word' id='word_1_165' title='bbox 507 2791 683 2868; x_wconf 84' lang='lat' dir='ltr'>vehemens,</span> <span class='ocrx_word' id='word_1_166' title='bbox 699 2804 730 2855; x_wconf 92' lang='lat' dir='ltr'>et</span> <span class='ocrx_word' id='word_1_167' title='bbox 744 2806 844 2856; x_wconf 92' lang='lat' dir='ltr'>matu-</span> 
     </span>
     <span class='ocr_line' id='line_1_31' title="bbox 123 2873 843 2965; baseline 0.008 -28"><span class='ocrx_word' id='word_1_168' title='bbox 123 2951 128 2965; x_wconf 23' lang='grc' dir='ltr'>ι</span> <span class='ocrx_word' id='word_1_169' title='bbox 169 2873 244 2938; x_wconf 86' lang='lat' dir='ltr'>tinae</span> <span class='ocrx_word' id='word_1_170' title='bbox 271 2877 482 2941; x_wconf 82' lang='lat' dir='ltr'>exercitationi</span> <span class='ocrx_word' id='word_1_171' title='bbox 504 2898 567 2940; x_wconf 92' lang='lat' dir='ltr'>non</span> <span class='ocrx_word' id='word_1_172' title='bbox 592 2877 731 2961; x_wconf 90' lang='lat' dir='ltr'>protinus</span> <span class='ocrx_word' id='word_1_173' title='bbox 756 2877 843 2943; x_wconf 90' lang='lat' dir='ltr'>cibus</span> 
     </span>
    </p>
   </div>
   <div class='ocr_carea' id='block_1_3' title="bbox 575 229 974 276">
    <p class='ocr_par' dir='ltr' id='par_1_3' title="bbox 575 229 974 276">
     <span class='ocr_line' id='line_1_32' title="bbox 575 229 974 276; baseline -0.01 -1"><span class='ocrx_word' id='word_1_174' title='bbox 575 234 695 275; x_wconf 81' lang='lat' dir='ltr'>CELSUS</span> <span class='ocrx_word' id='word_1_175' title='bbox 719 231 763 276; x_wconf 78' lang='lat' dir='ltr'>DE</span> <span class='ocrx_word' id='word_1_176' title='bbox 788 229 974 274; x_wconf 73' lang='lat' dir='ltr'>tramenta.</span> 
     </span>
    </p>
   </div>
   <div class='ocr_carea' id='block_1_4' title="bbox 1241 208 1364 290">
    <p class='ocr_par' dir='ltr' id='par_1_4' title="bbox 1241 208 1364 290">
     <span class='ocr_line' id='line_1_33' title="bbox 1241 208 1364 290; baseline 0.008 -18"><span class='ocrx_word' id='word_1_177' title='bbox 1241 208 1323 290; x_wconf 76' lang='lat' dir='ltr'>[nra.</span> <span class='ocrx_word' id='word_1_178' title='bbox 1341 231 1364 273; x_wconf 88' lang='lat'>1.</span> 
     </span>
    </p>
   </div>
   <div class='ocr_carea' id='block_1_5' title="bbox 891 462 1428 2927">
    <p class='ocr_par' dir='ltr' id='par_1_5' title="bbox 899 462 1428 1808">
     <span class='ocr_line' id='line_1_34' title="bbox 905 462 1364 528; baseline 0 -16"><span class='ocrx_word' id='word_1_179' title='bbox 905 463 1032 512; x_wconf 83' lang='lat' dir='ltr'>decimum</span> <span class='ocrx_word' id='word_1_180' title='bbox 1041 462 1125 521; x_wconf 85' lang='lat' dir='ltr'>diem;</span> <span class='ocrx_word' id='word_1_181' title='bbox 1142 462 1364 528; x_wconf 77' lang='lat' dir='ltr'>graritatempec·</span> 
     </span>
     <span class='ocr_line' id='line_1_35' title="bbox 906 527 1365 577; baseline 0 0"><span class='ocrx_word' id='word_1_182' title='bbox 906 529 954 577; x_wconf 90' lang='lat' dir='ltr'>tori</span> <span class='ocrx_word' id='word_1_183' title='bbox 977 527 1056 576; x_wconf 86' lang='lat' dir='ltr'>faciat</span> <span class='ocrx_word' id='word_1_184' title='bbox 1074 530 1128 577; x_wconf 70' lang='lat' dir='ltr'>baro</span> <span class='ocrx_word' id='word_1_185' title='bbox 1150 543 1229 577; x_wconf 87' lang='lat' dir='ltr'>mora.</span> <span class='ocrx_word' id='word_1_186' title='bbox 1271 528 1365 577; x_wconf 80' lang='lat' dir='ltr'>Autem</span> 
     </span>
     <span class='ocr_line' id='line_1_36' title="bbox 905 593 1365 657; baseline 0.002 -17"><span class='ocrx_word' id='word_1_187' title='bbox 905 593 1018 656; x_wconf 85' lang='lat' dir='ltr'>dejectio</span> <span class='ocrx_word' id='word_1_188' title='bbox 1045 600 1085 642; x_wconf 90' lang='lat' dir='ltr'>est</span> <span class='ocrx_word' id='word_1_189' title='bbox 1111 593 1224 656; x_wconf 85' lang='lat' dir='ltr'>petenda</span> <span class='ocrx_word' id='word_1_190' title='bbox 1255 607 1365 657; x_wconf 85' lang='lat' dir='ltr'>quoquc,</span> 
     </span>
     <span class='ocr_line' id='line_1_37' title="bbox 905 658 1365 720; baseline 0.002 -15"><span class='ocrx_word' id='word_1_191' title='bbox 905 658 1098 717; x_wconf 84' lang='lat' dir='ltr'>medicamento,</span> <span class='ocrx_word' id='word_1_192' title='bbox 1125 658 1179 716; x_wconf 92' lang='lat' dir='ltr'>uhi,</span> <span class='ocrx_word' id='word_1_193' title='bbox 1201 672 1365 720; x_wconf 86' lang='lat' dir='ltr'>suppressus,</span> 
     </span>
     <span class='ocr_line' id='line_1_38' title="bbox 906 722 1364 786; baseline 0.007 -17"><span class='ocrx_word' id='word_1_194' title='bbox 906 729 996 771; x_wconf 87' lang='lat' dir='ltr'>renter</span> <span class='ocrx_word' id='word_1_195' title='bbox 1008 722 1093 771; x_wconf 86' lang='lat' dir='ltr'>reddit</span> <span class='ocrx_word' id='word_1_196' title='bbox 1106 737 1206 785; x_wconf 88' lang='lat' dir='ltr'>parum,</span> <span class='ocrx_word' id='word_1_197' title='bbox 1216 736 1267 786; x_wconf 84' lang='lat' dir='ltr'>que</span> <span class='ocrx_word' id='word_1_198' title='bbox 1284 737 1317 770; x_wconf 87' lang='lat' dir='ltr'>ex</span> <span class='ocrx_word' id='word_1_199' title='bbox 1334 738 1364 772; x_wconf 89' lang='lat' dir='ltr'>eo</span> 
     </span>
     <span class='ocr_line' id='line_1_39' title="bbox 904 785 1364 850; baseline 0.004 -17"><span class='ocrx_word' id='word_1_200' title='bbox 904 785 1057 848; x_wconf 87' lang='lat' dir='ltr'>inflationes,</span> <span class='ocrx_word' id='word_1_201' title='bbox 1064 787 1185 850; x_wconf 78' lang='lat' dir='ltr'>caligines</span> <span class='ocrx_word' id='word_1_202' title='bbox 1196 787 1364 850; x_wconf 83' lang='lat' dir='ltr'>(oculorum),</span> 
     </span>
     <span class='ocr_line' id='line_1_40' title="bbox 904 850 1364 915; baseline 0.002 -16"><span class='ocrx_word' id='word_1_203' title='bbox 904 851 1006 900; x_wconf 87' lang='lat' dir='ltr'>dolores</span> <span class='ocrx_word' id='word_1_204' title='bbox 1033 853 1136 913; x_wconf 88' lang='lat' dir='ltr'>capitis,</span> <span class='ocrx_word' id='word_1_205' title='bbox 1167 866 1216 915; x_wconf 90' lang='lat' dir='ltr'>que</span> <span class='ocrx_word' id='word_1_206' title='bbox 1248 852 1300 900; x_wconf 86' lang='lat' dir='ltr'>alia</span> <span class='ocrx_word' id='word_1_207' title='bbox 1327 850 1364 900; x_wconf 91' lang='lat' dir='ltr'>in·</span> 
     </span>
     <span class='ocr_line' id='line_1_41' title="bbox 904 916 1428 980; baseline -0.004 -14"><span class='ocrx_word' id='word_1_208' title='bbox 904 924 1025 966; x_wconf 90' lang='lat' dir='ltr'>crescunt</span> <span class='ocrx_word' id='word_1_209' title='bbox 1038 918 1105 965; x_wconf 89' lang='lat' dir='ltr'>mala</span> <span class='ocrx_word' id='word_1_210' title='bbox 1121 916 1263 980; x_wconf 88' lang='lat' dir='ltr'>superioris</span> <span class='ocrx_word' id='word_1_211' title='bbox 1274 918 1364 978; x_wconf 86' lang='lat' dir='ltr'>partis.</span> <span class='ocrx_word' id='word_1_212' title='bbox 1426 925 1428 928; x_wconf 82' lang='grc'>’</span> 
     </span>
     <span class='ocr_line' id='line_1_42' title="bbox 903 981 1363 1045; baseline 0.002 -16"><span class='ocrx_word' id='word_1_213' title='bbox 903 981 979 1029; x_wconf 91' lang='lat' dir='ltr'>Enim</span> <span class='ocrx_word' id='word_1_214' title='bbox 990 982 1050 1045; x_wconf 89' lang='lat' dir='ltr'>quid</span> <span class='ocrx_word' id='word_1_215' title='bbox 1068 989 1175 1043; x_wconf 87' lang='lat' dir='ltr'>possunt</span> <span class='ocrx_word' id='word_1_216' title='bbox 1189 982 1262 1045; x_wconf 90' lang='lat' dir='ltr'>quies</span> <span class='ocrx_word' id='word_1_217' title='bbox 1273 988 1301 1030; x_wconf 90' lang='lat' dir='ltr'>et</span> <span class='ocrx_word' id='word_1_218' title='bbox 1311 981 1363 1030; x_wconf 88' lang='lat' dir='ltr'>ine-</span> 
     </span>
     <span class='ocr_line' id='line_1_43' title="bbox 904 1045 1362 1109; baseline 0.002 -16"><span class='ocrx_word' id='word_1_219' title='bbox 904 1045 947 1094; x_wconf 90' lang='lat' dir='ltr'>dia</span> <span class='ocrx_word' id='word_1_220' title='bbox 957 1047 1080 1109; x_wconf 84' lang='lat' dir='ltr'>adjuvare</span> <span class='ocrx_word' id='word_1_221' title='bbox 1092 1048 1159 1094; x_wconf 89' lang='lat' dir='ltr'>inter</span> <span class='ocrx_word' id='word_1_222' title='bbox 1169 1045 1236 1106; x_wconf 74' lang='lat' dir='ltr'>haec,</span> <span class='ocrx_word' id='word_1_223' title='bbox 1247 1060 1294 1109; x_wconf 89' lang='lat' dir='ltr'>per</span> <span class='ocrx_word' id='word_1_224' title='bbox 1305 1059 1362 1109; x_wconf 80' lang='lat' dir='ltr'>qnae</span> 
     </span>
     <span class='ocr_line' id='line_1_44' title="bbox 902 1109 1362 1175; baseline 0.002 -18"><span class='ocrx_word' id='word_1_225' title='bbox 902 1109 946 1158; x_wconf 90' lang='lat' dir='ltr'>illa</span> <span class='ocrx_word' id='word_1_226' title='bbox 972 1110 1063 1175; x_wconf 78' lang='lat' dir='ltr'>(strala)</span> <span class='ocrx_word' id='word_1_227' title='bbox 1089 1111 1199 1160; x_wconf 83' lang='lat' dir='ltr'>maxime</span> <span class='ocrx_word' id='word_1_228' title='bbox 1224 1110 1362 1160; x_wconf 87' lang='lat' dir='ltr'>eveniunt?</span> 
     </span>
     <span class='ocr_line' id='line_1_45' title="bbox 903 1174 1363 1238; baseline -0.009 -11"><span class='ocrx_word' id='word_1_229' title='bbox 903 1176 954 1227; x_wconf 86' lang='lat' dir='ltr'>Qui</span> <span class='ocrx_word' id='word_1_230' title='bbox 964 1176 1035 1225; x_wconf 88' lang='lat' dir='ltr'>volet</span> <span class='ocrx_word' id='word_1_231' title='bbox 1042 1175 1157 1238; x_wconf 85' lang='lat' dir='ltr'>dejicere</span> <span class='ocrx_word' id='word_1_232' title='bbox 1167 1174 1221 1238; x_wconf 88' lang='lat' dir='ltr'>(se)</span> <span class='ocrx_word' id='word_1_233' title='bbox 1233 1182 1321 1224; x_wconf 88' lang='lat' dir='ltr'>utatur</span> <span class='ocrx_word' id='word_1_234' title='bbox 1332 1176 1363 1224; x_wconf 89' lang='lat' dir='ltr'>iis</span> 
     </span>
     <span class='ocr_line' id='line_1_46' title="bbox 901 1240 1363 1304; baseline 0 -16"><span class='ocrx_word' id='word_1_235' title='bbox 901 1240 973 1288; x_wconf 90' lang='lat' dir='ltr'>cibus</span> <span class='ocrx_word' id='word_1_236' title='bbox 995 1255 1045 1304; x_wconf 87' lang='lat' dir='ltr'>que</span> <span class='ocrx_word' id='word_1_237' title='bbox 1066 1241 1141 1299; x_wconf 85' lang='lat' dir='ltr'>riuis,</span> <span class='ocrx_word' id='word_1_238' title='bbox 1161 1255 1219 1304; x_wconf 83' lang='lat' dir='ltr'>qnae</span> <span class='ocrx_word' id='word_1_239' title='bbox 1240 1247 1363 1303; x_wconf 73' lang='lat' dir='ltr'>praestant</span> 
     </span>
     <span class='ocr_line' id='line_1_47' title="bbox 900 1304 1362 1369; baseline 0.002 -17"><span class='ocrx_word' id='word_1_240' title='bbox 900 1305 949 1353; x_wconf 90' lang='lat' dir='ltr'>hoc</span> <span class='ocrx_word' id='word_1_241' title='bbox 967 1306 1089 1368; x_wconf 80' lang='lat' dir='ltr'>primnm3</span> <span class='ocrx_word' id='word_1_242' title='bbox 1106 1304 1165 1353; x_wconf 88' lang='lat' dir='ltr'>dein</span> <span class='ocrx_word' id='word_1_243' title='bbox 1183 1306 1203 1352; x_wconf 89' lang='lat' dir='ltr'>si</span> <span class='ocrx_word' id='word_1_244' title='bbox 1225 1306 1269 1353; x_wconf 87' lang='lat' dir='ltr'>illa</span> <span class='ocrx_word' id='word_1_245' title='bbox 1287 1304 1362 1369; x_wconf 85' lang='lat' dir='ltr'>proli-</span> 
     </span>
     <span class='ocr_line' id='line_1_48' title="bbox 900 1369 1360 1433; baseline 0.002 -16"><span class='ocrx_word' id='word_1_246' title='bbox 900 1370 970 1420; x_wconf 86' lang='lat' dir='ltr'>cient</span> <span class='ocrx_word' id='word_1_247' title='bbox 983 1384 1081 1433; x_wconf 88' lang='lat' dir='ltr'>parum,</span> <span class='ocrx_word' id='word_1_248' title='bbox 1092 1377 1174 1418; x_wconf 90' lang='lat' dir='ltr'>sumat</span> <span class='ocrx_word' id='word_1_249' title='bbox 1191 1369 1275 1420; x_wconf 73' lang='lat' dir='ltr'>aloes.</span> <span class='ocrx_word' id='word_1_250' title='bbox 1308 1369 1360 1419; x_wconf 86' lang='lat' dir='ltr'>Sed</span> 
     </span>
     <span class='ocr_line' id='line_1_49' title="bbox 899 1436 1361 1499; baseline 0.004 -17"><span class='ocrx_word' id='word_1_251' title='bbox 899 1441 929 1482; x_wconf 90' lang='lat' dir='ltr'>nt</span> <span class='ocrx_word' id='word_1_252' title='bbox 941 1436 1107 1498; x_wconf 77' lang='lat' dir='ltr'>purgationes</span> <span class='ocrx_word' id='word_1_253' title='bbox 1123 1441 1183 1483; x_wconf 84' lang='lat' dir='ltr'>sunt</span> <span class='ocrx_word' id='word_1_254' title='bbox 1197 1449 1300 1499; x_wconf 88' lang='lat' dir='ltr'>quoqne</span> <span class='ocrx_word' id='word_1_255' title='bbox 1317 1451 1361 1484; x_wconf 91' lang='lat' dir='ltr'>ne·</span> 
     </span>
     <span class='ocr_line' id='line_1_50' title="bbox 899 1500 1360 1559; baseline 0.002 -11"><span class='ocrx_word' id='word_1_256' title='bbox 899 1503 1018 1550; x_wconf 73' lang='lat' dir='ltr'>cessaria</span> <span class='ocrx_word' id='word_1_257' title='bbox 1035 1500 1173 1559; x_wconf 86' lang='lat' dir='ltr'>interdum,</span> <span class='ocrx_word' id='word_1_258' title='bbox 1190 1501 1227 1547; x_wconf 89' lang='lat' dir='ltr'>sic.</span> <span class='ocrx_word' id='word_1_259' title='bbox 1240 1501 1285 1548; x_wconf 87' lang='lat' dir='ltr'>uhi</span> <span class='ocrx_word' id='word_1_260' title='bbox 1301 1508 1360 1550; x_wconf 91' lang='lat' dir='ltr'>snnt</span> 
     </span>
     <span class='ocr_line' id='line_1_51' title="bbox 899 1563 1360 1628; baseline 0.009 -18"><span class='ocrx_word' id='word_1_261' title='bbox 899 1563 1057 1628; x_wconf 86' lang='lat' dir='ltr'>frequentes,</span> <span class='ocrx_word' id='word_1_262' title='bbox 1078 1563 1190 1612; x_wconf 81' lang='lat' dir='ltr'>afferunt</span> <span class='ocrx_word' id='word_1_263' title='bbox 1209 1566 1360 1628; x_wconf 88' lang='lat' dir='ltr'>pericnlum.</span> 
     </span>
     <span class='ocr_line' id='line_1_52' title="bbox 899 1629 1360 1691; baseline 0.004 -15"><span class='ocrx_word' id='word_1_264' title='bbox 899 1629 973 1678; x_wconf 85' lang='lat' dir='ltr'>Enim</span> <span class='ocrx_word' id='word_1_265' title='bbox 991 1644 1084 1691; x_wconf 89' lang='lat' dir='ltr'>corpus</span> <span class='ocrx_word' id='word_1_266' title='bbox 1102 1644 1152 1678; x_wconf 91' lang='lat' dir='ltr'>non</span> <span class='ocrx_word' id='word_1_267' title='bbox 1170 1631 1296 1679; x_wconf 84' lang='lat' dir='ltr'>assuescit</span> <span class='ocrx_word' id='word_1_268' title='bbox 1311 1632 1360 1689; x_wconf 89' lang='lat' dir='ltr'>ali;</span> 
     </span>
     <span class='ocr_line' id='line_1_53' title="bbox 899 1694 1362 1744; baseline 0.004 -2"><span class='ocrx_word' id='word_1_269' title='bbox 899 1707 956 1742; x_wconf 90' lang='lat' dir='ltr'>cnm</span> <span class='ocrx_word' id='word_1_270' title='bbox 978 1694 1109 1743; x_wconf 83' lang='lat' dir='ltr'>infirmitas</span> <span class='ocrx_word' id='word_1_271' title='bbox 1128 1695 1162 1743; x_wconf 91' lang='lat' dir='ltr'>sit</span> <span class='ocrx_word' id='word_1_272' title='bbox 1184 1695 1296 1744; x_wconf 85' lang='lat' dir='ltr'>maxime</span> <span class='ocrx_word' id='word_1_273' title='bbox 1315 1696 1362 1744; x_wconf 90' lang='lat' dir='ltr'>ob·-</span> 
     </span>
     <span class='ocr_line' id='line_1_54' title="bbox 899 1759 1218 1808; baseline 0 -2"><span class='ocrx_word' id='word_1_274' title='bbox 899 1760 974 1807; x_wconf 88' lang='lat' dir='ltr'>noxia</span> <span class='ocrx_word' id='word_1_275' title='bbox 986 1760 1103 1807; x_wconf 89' lang='lat' dir='ltr'>omnibns</span> <span class='ocrx_word' id='word_1_276' title='bbox 1113 1759 1218 1808; x_wconf 84' lang='lat' dir='ltr'>morbis.</span> 
     </span>
    </p>

    <p class='ocr_par' dir='ltr' id='par_1_6' title="bbox 891 1823 1359 2927">
     <span class='ocr_line' id='line_1_55' title="bbox 932 1823 1359 1888; baseline 0.002 -17"><span class='ocrx_word' id='word_1_277' title='bbox 932 1824 1026 1873; x_wconf 85' lang='lat' dir='ltr'>Autem</span> <span class='ocrx_word' id='word_1_278' title='bbox 1038 1825 1123 1873; x_wconf 87' lang='lat' dir='ltr'>unctio</span> <span class='ocrx_word' id='word_1_279' title='bbox 1135 1823 1264 1886; x_wconf 86' lang='lat' dir='ltr'>calefacit,</span> <span class='ocrx_word' id='word_1_280' title='bbox 1271 1823 1359 1888; x_wconf 85' lang='lat' dir='ltr'>(item)</span> 
     </span>
     <span class='ocr_line' id='line_1_56' title="bbox 898 1891 1358 1952; baseline 0.007 -17"><span class='ocrx_word' id='word_1_281' title='bbox 898 1902 965 1951; x_wconf 84' lang='lat' dir='ltr'>aqua</span> <span class='ocrx_word' id='word_1_282' title='bbox 986 1891 1061 1951; x_wconf 84' lang='lat' dir='ltr'>salsa,</span> <span class='ocrx_word' id='word_1_283' title='bbox 1086 1904 1136 1952; x_wconf 89' lang='lat' dir='ltr'>qne</span> <span class='ocrx_word' id='word_1_284' title='bbox 1162 1891 1254 1951; x_wconf 80' lang='lat' dir='ltr'>nangis,</span> <span class='ocrx_word' id='word_1_285' title='bbox 1273 1891 1294 1937; x_wconf 89' lang='lat' dir='ltr'>si</span> <span class='ocrx_word' id='word_1_286' title='bbox 1319 1895 1358 1939; x_wconf 87' lang='lat' dir='ltr'>est</span> 
     </span>
     <span class='ocr_line' id='line_1_57' title="bbox 898 1953 1357 2017; baseline 0.004 -16"><span class='ocrx_word' id='word_1_287' title='bbox 898 1953 993 2017; x_wconf 88' lang='lat' dir='ltr'>calida,</span> <span class='ocrx_word' id='word_1_288' title='bbox 1030 1957 1115 2002; x_wconf 90' lang='lat' dir='ltr'>omnia</span> <span class='ocrx_word' id='word_1_289' title='bbox 1152 1957 1228 2017; x_wconf 84' lang='lat' dir='ltr'>salsa,</span> <span class='ocrx_word' id='word_1_290' title='bbox 1262 1969 1357 2015; x_wconf 89' lang='lat' dir='ltr'>amara,</span> 
     </span>
     <span class='ocr_line' id='line_1_58' title="bbox 897 2019 1358 2082; baseline 0.009 -17"><span class='ocrx_word' id='word_1_291' title='bbox 897 2032 1014 2081; x_wconf 87' lang='lat' dir='ltr'>carnosa,</span> <span class='ocrx_word' id='word_1_292' title='bbox 1035 2019 1161 2075; x_wconf 82' lang='lat' dir='ltr'>balneum,</span> <span class='ocrx_word' id='word_1_293' title='bbox 1184 2021 1204 2066; x_wconf 91' lang='lat' dir='ltr'>si</span> <span class='ocrx_word' id='word_1_294' title='bbox 1230 2028 1272 2068; x_wconf 89' lang='lat' dir='ltr'>est</span> <span class='ocrx_word' id='word_1_295' title='bbox 1299 2030 1358 2082; x_wconf 90' lang='lat' dir='ltr'>post</span> 
     </span>
     <span class='ocr_line' id='line_1_59' title="bbox 897 2083 1356 2143; baseline 0.013 -14"><span class='ocrx_word' id='word_1_296' title='bbox 897 2083 991 2143; x_wconf 90' lang='lat' dir='ltr'>cibum,</span> <span class='ocrx_word' id='word_1_297' title='bbox 1030 2091 1057 2133; x_wconf 89' lang='lat' dir='ltr'>et</span> <span class='ocrx_word' id='word_1_298' title='bbox 1097 2094 1228 2132; x_wconf 84' lang='lat' dir='ltr'>austerum</span> <span class='ocrx_word' id='word_1_299' title='bbox 1260 2085 1356 2135; x_wconf 90' lang='lat' dir='ltr'>vinnm.</span> 
     </span>
     <span class='ocr_line' id='line_1_60' title="bbox 898 2147 1357 2213; baseline 0.009 -18"><span class='ocrx_word' id='word_1_300' title='bbox 898 2147 932 2196; x_wconf 91' lang='lat' dir='ltr'>Et</span> <span class='ocrx_word' id='word_1_301' title='bbox 960 2148 1080 2198; x_wconf 87' lang='lat' dir='ltr'>balneum</span> <span class='ocrx_word' id='word_1_302' title='bbox 1101 2148 1239 2211; x_wconf 74' lang='lat' dir='ltr'>refrigerat</span> <span class='ocrx_word' id='word_1_303' title='bbox 1266 2150 1293 2198; x_wconf 94' lang='lat' dir='ltr'>in</span> <span class='ocrx_word' id='word_1_304' title='bbox 1317 2151 1357 2213; x_wconf 91' lang='lat' dir='ltr'>je·</span> 
     </span>
     <span class='ocr_line' id='line_1_61' title="bbox 891 2212 1355 2274; baseline 0.011 -15"><span class='ocrx_word' id='word_1_305' title='bbox 891 2212 967 2274; x_wconf 89' lang='lat' dir='ltr'>juno,</span> <span class='ocrx_word' id='word_1_306' title='bbox 984 2222 1011 2261; x_wconf 90' lang='lat' dir='ltr'>et</span> <span class='ocrx_word' id='word_1_307' title='bbox 1029 2229 1138 2264; x_wconf 85' lang='lat' dir='ltr'>somnus.</span> <span class='ocrx_word' id='word_1_308' title='bbox 1156 2215 1203 2262; x_wconf 91' lang='lat' dir='ltr'>nisi</span> <span class='ocrx_word' id='word_1_309' title='bbox 1223 2221 1265 2263; x_wconf 89' lang='lat' dir='ltr'>est</span> <span class='ocrx_word' id='word_1_310' title='bbox 1282 2215 1355 2264; x_wconf 88' lang='lat' dir='ltr'>nimis</span> 
     </span>
     <span class='ocr_line' id='line_1_62' title="bbox 896 2279 1356 2344; baseline 0.011 -20"><span class='ocrx_word' id='word_1_311' title='bbox 896 2279 994 2339; x_wconf 83' lang='lat' dir='ltr'>longus,</span> <span class='ocrx_word' id='word_1_312' title='bbox 1018 2286 1045 2328; x_wconf 91' lang='lat' dir='ltr'>et</span> <span class='ocrx_word' id='word_1_313' title='bbox 1068 2280 1150 2327; x_wconf 89' lang='lat' dir='ltr'>omnia</span> <span class='ocrx_word' id='word_1_314' title='bbox 1173 2279 1248 2327; x_wconf 89' lang='lat' dir='ltr'>acida</span> <span class='ocrx_word' id='word_1_315' title='bbox 1256 2297 1263 2337; x_wconf 88' lang='lat'>;</span> <span class='ocrx_word' id='word_1_316' title='bbox 1290 2295 1356 2344; x_wconf 89' lang='lat' dir='ltr'>aqna</span> 
     </span>
     <span class='ocr_line' id='line_1_63' title="bbox 896 2342 1356 2406; baseline 0.011 -17"><span class='ocrx_word' id='word_1_317' title='bbox 896 2357 973 2405; x_wconf 89' lang='lat' dir='ltr'>qnam</span> <span class='ocrx_word' id='word_1_318' title='bbox 1004 2342 1179 2405; x_wconf 81' lang='lat' dir='ltr'>frigidissima,</span> <span class='ocrx_word' id='word_1_319' title='bbox 1209 2346 1305 2406; x_wconf 86' lang='lat' dir='ltr'>oleum,</span> <span class='ocrx_word' id='word_1_320' title='bbox 1335 2347 1356 2394; x_wconf 87' lang='lat' dir='ltr'>si</span> 
     </span>
     <span class='ocr_line' id='line_1_64' title="bbox 895 2409 1356 2473; baseline 0.007 -18"><span class='ocrx_word' id='word_1_321' title='bbox 895 2409 1019 2457; x_wconf 88' lang='lat' dir='ltr'>miscetur</span> <span class='ocrx_word' id='word_1_322' title='bbox 1040 2424 1114 2472; x_wconf 88' lang='lat' dir='ltr'>aqua.</span> <span class='ocrx_word' id='word_1_323' title='bbox 1153 2410 1248 2457; x_wconf 88' lang='lat' dir='ltr'>Autem</span> <span class='ocrx_word' id='word_1_324' title='bbox 1273 2411 1356 2473; x_wconf 86' lang='lat' dir='ltr'>major</span> 
     </span>
     <span class='ocr_line' id='line_1_65' title="bbox 895 2473 1356 2537; baseline 0.007 -17"><span class='ocrx_word' id='word_1_325' title='bbox 895 2473 968 2521; x_wconf 90' lang='lat' dir='ltr'>labor</span> <span class='ocrx_word' id='word_1_326' title='bbox 976 2489 1051 2537; x_wconf 87' lang='lat' dir='ltr'>quam</span> <span class='ocrx_word' id='word_1_327' title='bbox 1063 2490 1094 2522; x_wconf 86' lang='lat' dir='ltr'>ex</span> <span class='ocrx_word' id='word_1_328' title='bbox 1107 2474 1292 2523; x_wconf 86' lang='lat' dir='ltr'>cousuetudine</span> <span class='ocrx_word' id='word_1_329' title='bbox 1304 2475 1356 2523; x_wconf 86' lang='lat' dir='ltr'>elli·</span> 
     </span>
     <span class='ocr_line' id='line_1_66' title="bbox 895 2537 1354 2603; baseline 0.009 -19"><span class='ocrx_word' id='word_1_330' title='bbox 895 2537 933 2587; x_wconf 90' lang='lat' dir='ltr'>cit</span> <span class='ocrx_word' id='word_1_331' title='bbox 956 2553 1049 2602; x_wconf 87' lang='lat' dir='ltr'>corpus</span> <span class='ocrx_word' id='word_1_332' title='bbox 1071 2539 1211 2597; x_wconf 87' lang='lat' dir='ltr'>humidum,</span> <span class='ocrx_word' id='word_1_333' title='bbox 1232 2537 1354 2603; x_wconf 85' lang='lat' dir='ltr'>frequens</span> 
     </span>
     <span class='ocr_line' id='line_1_67' title="bbox 894 2602 1356 2666; baseline 0.009 -16"><span class='ocrx_word' id='word_1_334' title='bbox 894 2602 1021 2663; x_wconf 88' lang='lat' dir='ltr'>balneum,</span> <span class='ocrx_word' id='word_1_335' title='bbox 1043 2604 1143 2666; x_wconf 88' lang='lat' dir='ltr'>plenior</span> <span class='ocrx_word' id='word_1_336' title='bbox 1165 2605 1249 2665; x_wconf 87' lang='lat' dir='ltr'>cibus,</span> <span class='ocrx_word' id='word_1_337' title='bbox 1275 2607 1356 2654; x_wconf 88' lang='lat' dir='ltr'>multa</span> 
     </span>
     <span class='ocr_line' id='line_1_68' title="bbox 894 2668 1354 2732; baseline 0.009 -18"><span class='ocrx_word' id='word_1_338' title='bbox 894 2668 979 2730; x_wconf 88' lang='lat' dir='ltr'>potio;</span> <span class='ocrx_word' id='word_1_339' title='bbox 997 2675 1056 2732; x_wconf 91' lang='lat' dir='ltr'>post</span> <span class='ocrx_word' id='word_1_340' title='bbox 1074 2669 1139 2729; x_wconf 85' lang='lat' dir='ltr'>haee,</span> <span class='ocrx_word' id='word_1_341' title='bbox 1159 2668 1310 2730; x_wconf 84' lang='lat' dir='ltr'>ambulatio,</span> <span class='ocrx_word' id='word_1_342' title='bbox 1327 2679 1354 2718; x_wconf 92' lang='lat' dir='ltr'>et</span> 
     </span>
     <span class='ocr_line' id='line_1_69' title="bbox 894 2732 1354 2797; baseline 0.009 -19"><span class='ocrx_word' id='word_1_343' title='bbox 894 2732 995 2795; x_wconf 90' lang='lat' dir='ltr'>vigilia:</span> <span class='ocrx_word' id='word_1_344' title='bbox 1016 2748 1116 2797; x_wconf 90' lang='lat' dir='ltr'>qnoque</span> <span class='ocrx_word' id='word_1_345' title='bbox 1135 2735 1215 2782; x_wconf 83' lang='lat' dir='ltr'>multa</span> <span class='ocrx_word' id='word_1_346' title='bbox 1235 2742 1262 2782; x_wconf 91' lang='lat' dir='ltr'>et</span> <span class='ocrx_word' id='word_1_347' title='bbox 1278 2736 1354 2783; x_wconf 85' lang='lat' dir='ltr'>vehe-</span> 
     </span>
     <span class='ocr_line' id='line_1_70' title="bbox 893 2797 1353 2862; baseline 0.007 -18"><span class='ocrx_word' id='word_1_348' title='bbox 893 2811 964 2845; x_wconf 87' lang='lat' dir='ltr'>mens</span> <span class='ocrx_word' id='word_1_349' title='bbox 977 2797 1114 2848; x_wconf 82' lang='lat' dir='ltr'>ambulatio</span> <span class='ocrx_word' id='word_1_350' title='bbox 1126 2813 1172 2862; x_wconf 87' lang='lat' dir='ltr'>per</span> <span class='ocrx_word' id='word_1_351' title='bbox 1189 2813 1224 2857; x_wconf 90' lang='lat' dir='ltr'>se,</span> <span class='ocrx_word' id='word_1_352' title='bbox 1241 2806 1269 2847; x_wconf 91' lang='lat' dir='ltr'>et</span> <span class='ocrx_word' id='word_1_353' title='bbox 1280 2801 1353 2848; x_wconf 85' lang='lat' dir='ltr'>cibus</span> 
     </span>
     <span class='ocr_line' id='line_1_71' title="bbox 894 2863 1358 2927; baseline 0.006 -18"><span class='ocrx_word' id='word_1_354' title='bbox 894 2876 943 2911; x_wconf 92' lang='lat' dir='ltr'>non</span> <span class='ocrx_word' id='word_1_355' title='bbox 955 2863 1072 2925; x_wconf 88' lang='lat' dir='ltr'>protinus</span> <span class='ocrx_word' id='word_1_356' title='bbox 1090 2864 1208 2927; x_wconf 81' lang='lat' dir='ltr'>adjectus</span> <span class='ocrx_word' id='word_1_357' title='bbox 1226 2867 1358 2914; x_wconf 73' lang='lat' dir='ltr'>exercita.</span> 
     </span>
    </p>
   </div>
   <div class='ocr_carea' id='block_1_6' title="bbox 640 3062 892 3105">
    <p class='ocr_par' dir='ltr' id='par_1_7' title="bbox 640 3062 892 3105">
     <span class='ocr_line' id='line_1_72' title="bbox 640 3062 892 3105; baseline 0.004 -1"><span class='ocrx_word' id='word_1_358' title='bbox 640 3062 892 3105; x_wconf 71' lang='lat' dir='ltr'>Tanusnnrlon.</span> 
     </span>
    </p>
   </div>
   <div class='ocr_carea' id='block_1_7' title="bbox 168 3180 1353 3249">
    <p class='ocr_par' dir='ltr' id='par_1_8' title="bbox 168 3180 1353 3249">
     <span class='ocr_line' id='line_1_73' title="bbox 168 3180 1353 3249; baseline 0.006 -19"><span class='ocrx_word' id='word_1_359' title='bbox 168 3180 241 3245; x_wconf 90' lang='lat' dir='ltr'>days,</span> <span class='ocrx_word' id='word_1_360' title='bbox 258 3186 345 3233; x_wconf 86' lang='lat' dir='ltr'>rather</span> <span class='ocrx_word' id='word_1_361' title='bbox 357 3186 418 3234; x_wconf 89' lang='lat' dir='ltr'>than</span> <span class='ocrx_word' id='word_1_362' title='bbox 429 3192 520 3248; x_wconf 85' lang='lat' dir='ltr'>repeat</span> <span class='ocrx_word' id='word_1_363' title='bbox 530 3186 551 3235; x_wconf 91' lang='lat' dir='ltr'>it</span> <span class='ocrx_word' id='word_1_364' title='bbox 562 3200 594 3235; x_wconf 92' lang='lat' dir='ltr'>on</span> <span class='ocrx_word' id='word_1_365' title='bbox 606 3185 649 3234; x_wconf 89' lang='lat' dir='ltr'>the</span> <span class='ocrx_word' id='word_1_366' title='bbox 660 3184 778 3234; x_wconf 85' lang='lat' dir='ltr'>fifteenth</span> <span class='ocrx_word' id='word_1_367' title='bbox 789 3185 848 3249; x_wconf 91' lang='lat' dir='ltr'>day,</span> <span class='ocrx_word' id='word_1_368' title='bbox 866 3188 950 3235; x_wconf 87' lang='lat' dir='ltr'>unless</span> <span class='ocrx_word' id='word_1_369' title='bbox 962 3188 1024 3236; x_wconf 88' lang='lat' dir='ltr'>such</span> <span class='ocrx_word' id='word_1_370' title='bbox 1035 3201 1068 3235; x_wconf 92' lang='lat' dir='ltr'>an</span> <span class='ocrx_word' id='word_1_371' title='bbox 1079 3184 1250 3234; x_wconf 87' lang='lat' dir='ltr'>intermission</span> <span class='ocrx_word' id='word_1_372' title='bbox 1262 3187 1353 3237; x_wconf 87' lang='lat' dir='ltr'>should</span> 
     </span>
    </p>
   </div>
   <div class='ocr_carea' id='block_1_8' title="bbox 167 3268 521 3328">
    <p class='ocr_par' dir='ltr' id='par_1_9' title="bbox 167 3268 521 3328">
     <span class='ocr_line' id='line_1_74' title="bbox 167 3268 521 3328; baseline 0.017 -17"><span class='ocrx_word' id='word_1_373' title='bbox 167 3277 243 3313; x_wconf 89' lang='lat' dir='ltr'>cause</span> <span class='ocrx_word' id='word_1_374' title='bbox 255 3279 271 3314; x_wconf 87' lang='lat' dir='ltr'>a</span> <span class='ocrx_word' id='word_1_375' title='bbox 281 3268 341 3328; x_wconf 85' lang='lat' dir='ltr'>pain</span> <span class='ocrx_word' id='word_1_376' title='bbox 352 3273 380 3316; x_wconf 91' lang='lat' dir='ltr'>at</span> <span class='ocrx_word' id='word_1_377' title='bbox 391 3269 429 3316; x_wconf 89' lang='lat' dir='ltr'>his</span> <span class='ocrx_word' id='word_1_378' title='bbox 440 3270 521 3318; x_wconf 82' lang='lat' dir='ltr'>cheat.</span> 
     </span>
    </p>
   </div>
   <div class='ocr_carea' id='block_1_9' title="bbox 197 3345 1353 3414">
    <p class='ocr_par' dir='ltr' id='par_1_10' title="bbox 197 3345 1353 3414">
     <span class='ocr_line' id='line_1_75' title="bbox 197 3345 1353 3414; baseline 0.006 -20"><span class='ocrx_word' id='word_1_379' title='bbox 197 3345 280 3395; x_wconf 89' lang='lat' dir='ltr'>When</span> <span class='ocrx_word' id='word_1_380' title='bbox 292 3350 336 3397; x_wconf 85' lang='lat' dir='ltr'>tire</span> <span class='ocrx_word' id='word_1_381' title='bbox 347 3348 441 3398; x_wconf 85' lang='lat' dir='ltr'>bowels</span> <span class='ocrx_word' id='word_1_382' title='bbox 451 3365 493 3399; x_wconf 89' lang='lat' dir='ltr'>are</span> <span class='ocrx_word' id='word_1_383' title='bbox 504 3350 677 3414; x_wconf 86' lang='lat' dir='ltr'>constipated,</span> <span class='ocrx_word' id='word_1_384' title='bbox 685 3364 713 3398; x_wconf 90' lang='lat' dir='ltr'>so</span> <span class='ocrx_word' id='word_1_385' title='bbox 725 3365 752 3399; x_wconf 90' lang='lat' dir='ltr'>as</span> <span class='ocrx_word' id='word_1_386' title='bbox 763 3356 790 3399; x_wconf 86' lang='lat' dir='ltr'>to</span> <span class='ocrx_word' id='word_1_387' title='bbox 799 3356 927 3400; x_wconf 86' lang='lat' dir='ltr'>evacuate</span> <span class='ocrx_word' id='word_1_388' title='bbox 936 3365 1000 3413; x_wconf 85' lang='lat' dir='ltr'>very</span> <span class='ocrx_word' id='word_1_389' title='bbox 1008 3350 1151 3414; x_wconf 88' lang='lat' dir='ltr'>sparingly,</span> <span class='ocrx_word' id='word_1_390' title='bbox 1161 3350 1211 3399; x_wconf 88' lang='lat' dir='ltr'>and</span> <span class='ocrx_word' id='word_1_391' title='bbox 1221 3349 1287 3400; x_wconf 90' lang='lat' dir='ltr'>from</span> <span class='ocrx_word' id='word_1_392' title='bbox 1297 3353 1353 3401; x_wconf 87' lang='lat' dir='ltr'>that</span> 
     </span>
    </p>
   </div>
   <div class='ocr_carea' id='block_1_10' title="bbox 159 3428 1353 4149">
    <p class='ocr_par' dir='ltr' id='par_1_11' title="bbox 159 3428 1353 4069">
     <span class='ocr_line' id='line_1_76' title="bbox 165 3428 1352 3496; baseline 0.004 -19"><span class='ocrx_word' id='word_1_393' title='bbox 165 3442 252 3490; x_wconf 88' lang='lat' dir='ltr'>cause,</span> <span class='ocrx_word' id='word_1_394' title='bbox 262 3428 431 3494; x_wconf 87' lang='lat' dir='ltr'>flatulenciss,</span> <span class='ocrx_word' id='word_1_395' title='bbox 443 3447 458 3480; x_wconf 92' lang='lat' dir='ltr'>a</span> <span class='ocrx_word' id='word_1_396' title='bbox 471 3432 581 3481; x_wconf 88' lang='lat' dir='ltr'>dimness</span> <span class='ocrx_word' id='word_1_397' title='bbox 592 3431 623 3481; x_wconf 93' lang='lat' dir='ltr'>of</span> <span class='ocrx_word' id='word_1_398' title='bbox 630 3431 707 3496; x_wconf 84' lang='lat' dir='ltr'>sight,</span> <span class='ocrx_word' id='word_1_399' title='bbox 718 3433 792 3496; x_wconf 89' lang='lat' dir='ltr'>pains</span> <span class='ocrx_word' id='word_1_400' title='bbox 803 3430 835 3481; x_wconf 87' lang='lat' dir='ltr'>of</span> <span class='ocrx_word' id='word_1_401' title='bbox 844 3434 888 3481; x_wconf 90' lang='lat' dir='ltr'>the</span> <span class='ocrx_word' id='word_1_402' title='bbox 900 3433 976 3491; x_wconf 85' lang='lat' dir='ltr'>head,</span> <span class='ocrx_word' id='word_1_403' title='bbox 989 3432 1040 3481; x_wconf 90' lang='lat' dir='ltr'>aud</span> <span class='ocrx_word' id='word_1_404' title='bbox 1051 3433 1125 3481; x_wconf 91' lang='lat' dir='ltr'>other</span> <span class='ocrx_word' id='word_1_405' title='bbox 1136 3432 1260 3481; x_wconf 88' lang='lat' dir='ltr'>maladies</span> <span class='ocrx_word' id='word_1_406' title='bbox 1271 3432 1302 3482; x_wconf 94' lang='lat' dir='ltr'>of</span> <span class='ocrx_word' id='word_1_407' title='bbox 1309 3434 1352 3482; x_wconf 86' lang='lat' dir='ltr'>the</span> 
     </span>
     <span class='ocr_line' id='line_1_77' title="bbox 164 3512 1353 3578; baseline 0.005 -20"><span class='ocrx_word' id='word_1_408' title='bbox 164 3512 282 3573; x_wconf 86' lang='lat' dir='ltr'>superior</span> <span class='ocrx_word' id='word_1_409' title='bbox 294 3520 364 3575; x_wconf 89' lang='lat' dir='ltr'>parts</span> <span class='ocrx_word' id='word_1_410' title='bbox 376 3513 501 3576; x_wconf 85' lang='lat' dir='ltr'>increase,</span> <span class='ocrx_word' id='word_1_411' title='bbox 514 3515 573 3563; x_wconf 90' lang='lat' dir='ltr'>then</span> <span class='ocrx_word' id='word_1_412' title='bbox 585 3529 618 3563; x_wconf 88' lang='lat' dir='ltr'>an</span> <span class='ocrx_word' id='word_1_413' title='bbox 630 3515 748 3578; x_wconf 86' lang='lat' dir='ltr'>aperient</span> <span class='ocrx_word' id='word_1_414' title='bbox 758 3514 808 3562; x_wconf 85' lang='lat' dir='ltr'>will</span> <span class='ocrx_word' id='word_1_415' title='bbox 828 3515 860 3564; x_wconf 88' lang='lat' dir='ltr'>be</span> <span class='ocrx_word' id='word_1_416' title='bbox 877 3515 1084 3576; x_wconf 83' lang='lat' dir='ltr'>advantageons:</span> <span class='ocrx_word' id='word_1_417' title='bbox 1101 3513 1141 3563; x_wconf 90' lang='lat' dir='ltr'>for</span> <span class='ocrx_word' id='word_1_418' title='bbox 1153 3515 1222 3563; x_wconf 85' lang='lat' dir='ltr'>what</span> <span class='ocrx_word' id='word_1_419' title='bbox 1232 3528 1280 3562; x_wconf 88' lang='lat' dir='ltr'>can</span> <span class='ocrx_word' id='word_1_420' title='bbox 1299 3520 1353 3564; x_wconf 91' lang='lat' dir='ltr'>rest</span> 
     </span>
     <span class='ocr_line' id='line_1_78' title="bbox 163 3593 1351 3661; baseline 0.003 -20"><span class='ocrx_word' id='word_1_421' title='bbox 163 3606 193 3641; x_wconf 90' lang='lat' dir='ltr'>or</span> <span class='ocrx_word' id='word_1_422' title='bbox 204 3593 356 3642; x_wconf 74' lang='lat' dir='ltr'>abstinente</span> <span class='ocrx_word' id='word_1_423' title='bbox 368 3595 461 3644; x_wconf 87' lang='lat' dir='ltr'>render</span> <span class='ocrx_word' id='word_1_424' title='bbox 472 3595 497 3642; x_wconf 90' lang='lat' dir='ltr'>in</span> <span class='ocrx_word' id='word_1_425' title='bbox 510 3596 583 3645; x_wconf 88' lang='lat' dir='ltr'>those</span> <span class='ocrx_word' id='word_1_426' title='bbox 595 3595 725 3645; x_wconf 88' lang='lat' dir='ltr'>disorders</span> <span class='ocrx_word' id='word_1_427' title='bbox 737 3596 768 3645; x_wconf 88' lang='lat' dir='ltr'>of</span> <span class='ocrx_word' id='word_1_428' title='bbox 775 3597 858 3644; x_wconf 86' lang='lat' dir='ltr'>which</span> <span class='ocrx_word' id='word_1_429' title='bbox 870 3599 932 3661; x_wconf 88' lang='lat' dir='ltr'>they</span> <span class='ocrx_word' id='word_1_430' title='bbox 943 3612 985 3645; x_wconf 85' lang='lat' dir='ltr'>arc</span> <span class='ocrx_word' id='word_1_431' title='bbox 997 3598 1041 3646; x_wconf 89' lang='lat' dir='ltr'>the</span> <span class='ocrx_word' id='word_1_432' title='bbox 1053 3597 1166 3658; x_wconf 85' lang='lat' dir='ltr'>exciting</span> <span class='ocrx_word' id='word_1_433' title='bbox 1177 3596 1285 3645; x_wconf 86' lang='lat' dir='ltr'>causes?</span> <span class='ocrx_word' id='word_1_434' title='bbox 1308 3597 1351 3644; x_wconf 86' lang='lat' dir='ltr'>He</span> 
     </span>
     <span class='ocr_line' id='line_1_79' title="bbox 162 3674 1351 3742; baseline 0.007 -22"><span class='ocrx_word' id='word_1_435' title='bbox 162 3674 221 3721; x_wconf 83' lang='lat' dir='ltr'>who</span> <span class='ocrx_word' id='word_1_436' title='bbox 232 3675 324 3724; x_wconf 88' lang='lat' dir='ltr'>wishes</span> <span class='ocrx_word' id='word_1_437' title='bbox 336 3683 362 3724; x_wconf 93' lang='lat' dir='ltr'>to</span> <span class='ocrx_word' id='word_1_438' title='bbox 373 3677 444 3726; x_wconf 83' lang='lat' dir='ltr'>relax</span> <span class='ocrx_word' id='word_1_439' title='bbox 462 3676 500 3726; x_wconf 85' lang='lat' dir='ltr'>his</span> <span class='ocrx_word' id='word_1_440' title='bbox 515 3678 622 3740; x_wconf 83' lang='lat' dir='ltr'>howels,</span> <span class='ocrx_word' id='word_1_441' title='bbox 641 3678 677 3726; x_wconf 94' lang='lat' dir='ltr'>let</span> <span class='ocrx_word' id='word_1_442' title='bbox 693 3678 744 3726; x_wconf 91' lang='lat' dir='ltr'>him</span> <span class='ocrx_word' id='word_1_443' title='bbox 759 3677 817 3726; x_wconf 85' lang='lat' dir='ltr'>first</span> <span class='ocrx_word' id='word_1_444' title='bbox 834 3693 880 3728; x_wconf 89' lang='lat' dir='ltr'>use</span> <span class='ocrx_word' id='word_1_445' title='bbox 896 3679 958 3727; x_wconf 89' lang='lat' dir='ltr'>such</span> <span class='ocrx_word' id='word_1_446' title='bbox 975 3677 1035 3727; x_wconf 89' lang='lat' dir='ltr'>food</span> <span class='ocrx_word' id='word_1_447' title='bbox 1053 3679 1104 3727; x_wconf 88' lang='lat' dir='ltr'>and</span> <span class='ocrx_word' id='word_1_448' title='bbox 1116 3679 1184 3726; x_wconf 88' lang='lat' dir='ltr'>wine</span> <span class='ocrx_word' id='word_1_449' title='bbox 1196 3693 1224 3726; x_wconf 92' lang='lat' dir='ltr'>as</span> <span class='ocrx_word' id='word_1_450' title='bbox 1236 3679 1351 3742; x_wconf 88' lang='lat' dir='ltr'>produce</span> 
     </span>
     <span class='ocr_line' id='line_1_80' title="bbox 161 3753 1351 3823; baseline 0.004 -19"><span class='ocrx_word' id='word_1_451' title='bbox 161 3755 218 3804; x_wconf 90' lang='lat' dir='ltr'>that</span> <span class='ocrx_word' id='word_1_452' title='bbox 231 3753 321 3806; x_wconf 85' lang='lat' dir='ltr'>effect:</span> <span class='ocrx_word' id='word_1_453' title='bbox 340 3756 364 3805; x_wconf 90' lang='lat' dir='ltr'>if</span> <span class='ocrx_word' id='word_1_454' title='bbox 370 3759 442 3806; x_wconf 89' lang='lat' dir='ltr'>these</span> <span class='ocrx_word' id='word_1_455' title='bbox 453 3758 520 3807; x_wconf 88' lang='lat' dir='ltr'>arail</span> <span class='ocrx_word' id='word_1_456' title='bbox 530 3759 582 3807; x_wconf 92' lang='lat' dir='ltr'>him</span> <span class='ocrx_word' id='word_1_457' title='bbox 594 3759 641 3808; x_wconf 92' lang='lat' dir='ltr'>bnt</span> <span class='ocrx_word' id='word_1_458' title='bbox 651 3759 727 3821; x_wconf 83' lang='lat' dir='ltr'>little,</span> <span class='ocrx_word' id='word_1_459' title='bbox 744 3760 807 3808; x_wconf 90' lang='lat' dir='ltr'>then</span> <span class='ocrx_word' id='word_1_460' title='bbox 819 3759 856 3808; x_wconf 86' lang='lat' dir='ltr'>let</span> <span class='ocrx_word' id='word_1_461' title='bbox 872 3760 923 3807; x_wconf 90' lang='lat' dir='ltr'>him</span> <span class='ocrx_word' id='word_1_462' title='bbox 940 3761 1001 3808; x_wconf 88' lang='lat' dir='ltr'>take</span> <span class='ocrx_word' id='word_1_463' title='bbox 1014 3760 1091 3808; x_wconf 85' lang='lat' dir='ltr'>aloes.</span> <span class='ocrx_word' id='word_1_464' title='bbox 1124 3759 1179 3807; x_wconf 92' lang='lat' dir='ltr'>Bnt</span> <span class='ocrx_word' id='word_1_465' title='bbox 1190 3761 1351 3823; x_wconf 85' lang='lat' dir='ltr'>purgatires,</span> 
     </span>
     <span class='ocr_line' id='line_1_81' title="bbox 162 3837 1351 3905; baseline 0.004 -20"><span class='ocrx_word' id='word_1_466' title='bbox 162 3837 284 3902; x_wconf 84' lang='lat' dir='ltr'>although</span> <span class='ocrx_word' id='word_1_467' title='bbox 295 3839 441 3888; x_wconf 85' lang='lat' dir='ltr'>sometimes</span> <span class='ocrx_word' id='word_1_468' title='bbox 451 3854 595 3904; x_wconf 87' lang='lat' dir='ltr'>necessary,</span> <span class='ocrx_word' id='word_1_469' title='bbox 605 3846 651 3904; x_wconf 86' lang='lat' dir='ltr'>yet</span> <span class='ocrx_word' id='word_1_470' title='bbox 661 3841 737 3890; x_wconf 88' lang='lat' dir='ltr'>when</span> <span class='ocrx_word' id='word_1_471' title='bbox 748 3841 809 3903; x_wconf 91' lang='lat' dir='ltr'>they</span> <span class='ocrx_word' id='word_1_472' title='bbox 816 3856 860 3890; x_wconf 87' lang='lat' dir='ltr'>are</span> <span class='ocrx_word' id='word_1_473' title='bbox 872 3839 1003 3905; x_wconf 81' lang='lat' dir='ltr'>frequent,</span> <span class='ocrx_word' id='word_1_474' title='bbox 1017 3842 1121 3890; x_wconf 88' lang='lat' dir='ltr'>become</span> <span class='ocrx_word' id='word_1_475' title='bbox 1133 3840 1294 3902; x_wconf 86' lang='lat' dir='ltr'>dangerous:</span> <span class='ocrx_word' id='word_1_476' title='bbox 1311 3841 1351 3890; x_wconf 89' lang='lat' dir='ltr'>for</span> 
     </span>
     <span class='ocr_line' id='line_1_82' title="bbox 160 3917 1348 3987; baseline 0.005 -21"><span class='ocrx_word' id='word_1_477' title='bbox 160 3917 194 3982; x_wconf 85' lang='lat' dir='ltr'>hy</span> <span class='ocrx_word' id='word_1_478' title='bbox 202 3920 252 3970; x_wconf 89' lang='lat' dir='ltr'>this</span> <span class='ocrx_word' id='word_1_479' title='bbox 264 3921 308 3970; x_wconf 92' lang='lat' dir='ltr'>the</span> <span class='ocrx_word' id='word_1_480' title='bbox 321 3920 388 3984; x_wconf 90' lang='lat' dir='ltr'>body</span> <span class='ocrx_word' id='word_1_481' title='bbox 397 3921 449 3970; x_wconf 88' lang='lat' dir='ltr'>will</span> <span class='ocrx_word' id='word_1_482' title='bbox 459 3921 491 3970; x_wconf 89' lang='lat' dir='ltr'>be</span> <span class='ocrx_word' id='word_1_483' title='bbox 502 3921 628 3985; x_wconf 85' lang='lat' dir='ltr'>deprived</span> <span class='ocrx_word' id='word_1_484' title='bbox 639 3920 671 3972; x_wconf 86' lang='lat' dir='ltr'>uf</span> <span class='ocrx_word' id='word_1_485' title='bbox 678 3922 711 3971; x_wconf 89' lang='lat' dir='ltr'>its</span> <span class='ocrx_word' id='word_1_486' title='bbox 722 3923 906 3984; x_wconf 87' lang='lat' dir='ltr'>nourishment,</span> <span class='ocrx_word' id='word_1_487' title='bbox 916 3924 1101 3987; x_wconf 89' lang='lat' dir='ltr'>consequently</span> <span class='ocrx_word' id='word_1_488' title='bbox 1109 3920 1231 3985; x_wconf 85' lang='lat' dir='ltr'>infirmity</span> <span class='ocrx_word' id='word_1_489' title='bbox 1242 3923 1348 3973; x_wconf 85' lang='lat' dir='ltr'>readers</span> 
     </span>
     <span class='ocr_line' id='line_1_83' title="bbox 159 4001 705 4069; baseline 0.007 -19"><span class='ocrx_word' id='word_1_490' title='bbox 159 4001 182 4050; x_wconf 88' lang='lat' dir='ltr'>it</span> <span class='ocrx_word' id='word_1_491' title='bbox 192 4002 236 4051; x_wconf 86' lang='lat' dir='ltr'>the</span> <span class='ocrx_word' id='word_1_492' title='bbox 248 4016 319 4052; x_wconf 88' lang='lat' dir='ltr'>more</span> <span class='ocrx_word' id='word_1_493' title='bbox 330 4004 488 4069; x_wconf 86' lang='lat' dir='ltr'>susceptible</span> <span class='ocrx_word' id='word_1_494' title='bbox 500 4004 531 4052; x_wconf 88' lang='lat' dir='ltr'>of</span> <span class='ocrx_word' id='word_1_495' title='bbox 537 4005 572 4054; x_wconf 86' lang='lat' dir='ltr'>all</span> <span class='ocrx_word' id='word_1_496' title='bbox 583 4005 705 4054; x_wconf 84' lang='lat' dir='ltr'>diseasea.</span> 
     </span>
    </p>

    <p class='ocr_par' dir='ltr' id='par_1_12' title="bbox 190 4084 1350 4149">
     <span class='ocr_line' id='line_1_84' title="bbox 190 4084 1350 4149; baseline 0.003 -17"><span class='ocrx_word' id='word_1_497' title='bbox 190 4085 246 4133; x_wconf 86' lang='lat' dir='ltr'>The</span> <span class='ocrx_word' id='word_1_498' title='bbox 257 4084 326 4148; x_wconf 88' lang='lat' dir='ltr'>body</span> <span class='ocrx_word' id='word_1_499' title='bbox 337 4086 358 4134; x_wconf 89' lang='lat' dir='ltr'>is</span> <span class='ocrx_word' id='word_1_500' title='bbox 371 4087 483 4135; x_wconf 85' lang='lat' dir='ltr'>warmed</span> <span class='ocrx_word' id='word_1_501' title='bbox 498 4086 530 4149; x_wconf 90' lang='lat' dir='ltr'>by</span> <span class='ocrx_word' id='word_1_502' title='bbox 542 4087 658 4149; x_wconf 89' lang='lat' dir='ltr'>unction,</span> <span class='ocrx_word' id='word_1_503' title='bbox 675 4087 828 4145; x_wconf 88' lang='lat' dir='ltr'>salt·water,</span> <span class='ocrx_word' id='word_1_504' title='bbox 845 4084 896 4135; x_wconf 89' lang='lat' dir='ltr'>and</span> <span class='ocrx_word' id='word_1_505' title='bbox 908 4100 977 4136; x_wconf 92' lang='lat' dir='ltr'>more</span> <span class='ocrx_word' id='word_1_506' title='bbox 989 4101 1017 4135; x_wconf 93' lang='lat' dir='ltr'>so</span> <span class='ocrx_word' id='word_1_507' title='bbox 1035 4085 1059 4134; x_wconf 83' lang='lat' dir='ltr'>is</span> <span class='ocrx_word' id='word_1_508' title='bbox 1072 4085 1092 4134; x_wconf 92' lang='lat' dir='ltr'>it</span> <span class='ocrx_word' id='word_1_509' title='bbox 1110 4085 1142 4134; x_wconf 91' lang='lat' dir='ltr'>be</span> <span class='ocrx_word' id='word_1_510' title='bbox 1153 4099 1243 4147; x_wconf 89' lang='lat' dir='ltr'>warm,</span> <span class='ocrx_word' id='word_1_511' title='bbox 1254 4086 1289 4134; x_wconf 91' lang='lat' dir='ltr'>all</span> <span class='ocrx_word' id='word_1_512' title='bbox 1301 4087 1350 4135; x_wconf 89' lang='lat' dir='ltr'>salt</span> 
     </span>
    </p>
   </div>
   <div class='ocr_carea' id='block_1_11' title="bbox 84 4166 1350 4229">
    <p class='ocr_par' dir='ltr' id='par_1_13' title="bbox 84 4166 1350 4229">
     <span class='ocr_line' id='line_1_85' title="bbox 84 4166 1350 4229; baseline 0.002 -15"><span class='ocrx_word' id='word_1_513' title='bbox 84 4170 87 4175; x_wconf 87' lang='lat'>&#39;</span> <span class='ocrx_word' id='word_1_514' title='bbox 158 4173 250 4224; x_wconf 84' lang='lat' dir='ltr'>ments,</span> <span class='ocrx_word' id='word_1_515' title='bbox 260 4166 362 4229; x_wconf 88' lang='lat' dir='ltr'>bitters,</span> <span class='ocrx_word' id='word_1_516' title='bbox 371 4167 446 4229; x_wconf 89' lang='lat' dir='ltr'>flesh,</span> <span class='ocrx_word' id='word_1_517' title='bbox 458 4169 501 4217; x_wconf 87' lang='lat' dir='ltr'>tlre</span> <span class='ocrx_word' id='word_1_518' title='bbox 513 4168 575 4217; x_wconf 92' lang='lat' dir='ltr'>bath</span> <span class='ocrx_word' id='word_1_519' title='bbox 587 4166 611 4216; x_wconf 91' lang='lat' dir='ltr'>if</span> <span class='ocrx_word' id='word_1_520' title='bbox 618 4167 686 4217; x_wconf 87' lang='lat' dir='ltr'>after</span> <span class='ocrx_word' id='word_1_521' title='bbox 696 4167 765 4228; x_wconf 90' lang='lat' dir='ltr'>food,</span> <span class='ocrx_word' id='word_1_522' title='bbox 773 4168 823 4216; x_wconf 88' lang='lat' dir='ltr'>and</span> <span class='ocrx_word' id='word_1_523' title='bbox 835 4175 938 4217; x_wconf 90' lang='lat' dir='ltr'>austere</span> <span class='ocrx_word' id='word_1_524' title='bbox 950 4168 1030 4228; x_wconf 80' lang='lat' dir='ltr'>wine3</span> <span class='ocrx_word' id='word_1_525' title='bbox 1047 4182 1079 4216; x_wconf 94' lang='lat' dir='ltr'>on</span> <span class='ocrx_word' id='word_1_526' title='bbox 1091 4168 1135 4215; x_wconf 89' lang='lat' dir='ltr'>the</span> <span class='ocrx_word' id='word_1_527' title='bbox 1147 4167 1222 4215; x_wconf 90' lang='lat' dir='ltr'>other</span> <span class='ocrx_word' id='word_1_528' title='bbox 1232 4167 1311 4228; x_wconf 90' lang='lat' dir='ltr'>hand,</span> <span class='ocrx_word' id='word_1_529' title='bbox 1329 4169 1350 4216; x_wconf 89' lang='lat' dir='ltr'>it</span> 
     </span>
    </p>
   </div>
   <div class='ocr_carea' id='block_1_12' title="bbox 156 4245 1349 4640">
    <p class='ocr_par' dir='ltr' id='par_1_14' title="bbox 157 4245 1349 4396">
     <span class='ocr_line' id='line_1_86' title="bbox 157 4245 1349 4312; baseline 0.003 -17"><span class='ocrx_word' id='word_1_530' title='bbox 157 4245 180 4296; x_wconf 92' lang='lat' dir='ltr'>is</span> <span class='ocrx_word' id='word_1_531' title='bbox 191 4247 361 4312; x_wconf 86' lang='lat' dir='ltr'>refrigerated</span> <span class='ocrx_word' id='word_1_532' title='bbox 374 4251 407 4311; x_wconf 91' lang='lat' dir='ltr'>by</span> <span class='ocrx_word' id='word_1_533' title='bbox 418 4265 434 4298; x_wconf 90' lang='lat' dir='ltr'>a</span> <span class='ocrx_word' id='word_1_534' title='bbox 446 4251 506 4299; x_wconf 91' lang='lat' dir='ltr'>bath</span> <span class='ocrx_word' id='word_1_535' title='bbox 518 4249 607 4299; x_wconf 84' lang='lat' dir='ltr'>before</span> <span class='ocrx_word' id='word_1_536' title='bbox 619 4251 707 4312; x_wconf 91' lang='lat' dir='ltr'>meals,</span> <span class='ocrx_word' id='word_1_537' title='bbox 724 4251 804 4312; x_wconf 90' lang='lat' dir='ltr'>sieep,</span> <span class='ocrx_word' id='word_1_538' title='bbox 821 4252 907 4299; x_wconf 87' lang='lat' dir='ltr'>unless</span> <span class='ocrx_word' id='word_1_539' title='bbox 925 4250 945 4299; x_wconf 92' lang='lat' dir='ltr'>it</span> <span class='ocrx_word' id='word_1_540' title='bbox 957 4250 989 4299; x_wconf 94' lang='lat' dir='ltr'>be</span> <span class='ocrx_word' id='word_1_541' title='bbox 1007 4256 1050 4298; x_wconf 90' lang='lat' dir='ltr'>too</span> <span class='ocrx_word' id='word_1_542' title='bbox 1068 4250 1136 4311; x_wconf 84' lang='lat' dir='ltr'>long,</span> <span class='ocrx_word' id='word_1_543' title='bbox 1152 4248 1203 4296; x_wconf 90' lang='lat' dir='ltr'>and</span> <span class='ocrx_word' id='word_1_544' title='bbox 1222 4249 1256 4296; x_wconf 90' lang='lat' dir='ltr'>all</span> <span class='ocrx_word' id='word_1_545' title='bbox 1268 4249 1349 4311; x_wconf 88' lang='lat' dir='ltr'>acids,</span> 
     </span>
     <span class='ocr_line' id='line_1_87' title="bbox 158 4330 1073 4396; baseline 0.002 -19"><span class='ocrx_word' id='word_1_546' title='bbox 158 4330 202 4378; x_wconf 85' lang='lat' dir='ltr'>the</span> <span class='ocrx_word' id='word_1_547' title='bbox 214 4331 314 4379; x_wconf 87' lang='lat' dir='ltr'>coidest</span> <span class='ocrx_word' id='word_1_548' title='bbox 323 4339 428 4392; x_wconf 87' lang='lat' dir='ltr'>waters,</span> <span class='ocrx_word' id='word_1_549' title='bbox 439 4331 484 4391; x_wconf 91' lang='lat' dir='ltr'>nil,</span> <span class='ocrx_word' id='word_1_550' title='bbox 495 4330 519 4379; x_wconf 88' lang='lat' dir='ltr'>if</span> <span class='ocrx_word' id='word_1_551' title='bbox 525 4332 547 4381; x_wconf 93' lang='lat' dir='ltr'>it</span> <span class='ocrx_word' id='word_1_552' title='bbox 559 4331 591 4380; x_wconf 91' lang='lat' dir='ltr'>be</span> <span class='ocrx_word' id='word_1_553' title='bbox 599 4332 684 4380; x_wconf 84' lang='lat' dir='ltr'>mixed</span> <span class='ocrx_word' id='word_1_554' title='bbox 696 4331 761 4380; x_wconf 87' lang='lat' dir='ltr'>with</span> <span class='ocrx_word' id='word_1_555' title='bbox 772 4340 863 4394; x_wconf 82' lang='lat' dir='ltr'>water,</span> <span class='ocrx_word' id='word_1_556' title='bbox 873 4332 924 4381; x_wconf 91' lang='lat' dir='ltr'>and</span> <span class='ocrx_word' id='word_1_557' title='bbox 935 4330 1073 4396; x_wconf 73' lang='lat' dir='ltr'>lotus(ts).</span> 
     </span>
    </p>

    <p class='ocr_par' dir='ltr' id='par_1_15' title="bbox 156 4411 1347 4640">
     <span class='ocr_line' id='line_1_88' title="bbox 190 4411 1347 4476; baseline -0.001 -17"><span class='ocrx_word' id='word_1_558' title='bbox 190 4413 244 4460; x_wconf 89' lang='lat' dir='ltr'>But</span> <span class='ocrx_word' id='word_1_559' title='bbox 254 4413 298 4461; x_wconf 87' lang='lat' dir='ltr'>the</span> <span class='ocrx_word' id='word_1_560' title='bbox 310 4413 378 4476; x_wconf 89' lang='lat' dir='ltr'>body</span> <span class='ocrx_word' id='word_1_561' title='bbox 391 4414 412 4462; x_wconf 89' lang='lat' dir='ltr'>is</span> <span class='ocrx_word' id='word_1_562' title='bbox 429 4414 559 4462; x_wconf 88' lang='lat' dir='ltr'>rendered</span> <span class='ocrx_word' id='word_1_563' title='bbox 575 4415 652 4463; x_wconf 89' lang='lat' dir='ltr'>moist</span> <span class='ocrx_word' id='word_1_564' title='bbox 670 4414 704 4476; x_wconf 93' lang='lat' dir='ltr'>by</span> <span class='ocrx_word' id='word_1_565' title='bbox 715 4414 765 4462; x_wconf 90' lang='lat' dir='ltr'>less</span> <span class='ocrx_word' id='word_1_566' title='bbox 784 4414 899 4463; x_wconf 87' lang='lat' dir='ltr'>exercise</span> <span class='ocrx_word' id='word_1_567' title='bbox 915 4414 976 4462; x_wconf 89' lang='lat' dir='ltr'>than</span> <span class='ocrx_word' id='word_1_568' title='bbox 994 4414 1076 4476; x_wconf 89' lang='lat' dir='ltr'>usual,</span> <span class='ocrx_word' id='word_1_569' title='bbox 1092 4411 1214 4475; x_wconf 86' lang='lat' dir='ltr'>frequent</span> <span class='ocrx_word' id='word_1_570' title='bbox 1230 4411 1347 4474; x_wconf 84' lang='lat' dir='ltr'>bathing,</span> 
     </span>
     <span class='ocr_line' id='line_1_89' title="bbox 156 4490 1345 4559; baseline 0.001 -19"><span class='ocrx_word' id='word_1_571' title='bbox 156 4490 203 4541; x_wconf 90' lang='lat' dir='ltr'>full</span> <span class='ocrx_word' id='word_1_572' title='bbox 213 4494 279 4556; x_wconf 89' lang='lat' dir='ltr'>diet,</span> <span class='ocrx_word' id='word_1_573' title='bbox 288 4495 338 4543; x_wconf 85' lang='lat' dir='ltr'>and</span> <span class='ocrx_word' id='word_1_574' title='bbox 350 4497 439 4559; x_wconf 92' lang='lat' dir='ltr'>plenty</span> <span class='ocrx_word' id='word_1_575' title='bbox 451 4495 481 4545; x_wconf 88' lang='lat' dir='ltr'>of</span> <span class='ocrx_word' id='word_1_576' title='bbox 489 4495 575 4558; x_wconf 88' lang='lat' dir='ltr'>drink,</span> <span class='ocrx_word' id='word_1_577' title='bbox 586 4495 679 4545; x_wconf 74' lang='lat' dir='ltr'>auallt</span> <span class='ocrx_word' id='word_1_578' title='bbox 691 4494 760 4545; x_wconf 89' lang='lat' dir='ltr'>after</span> <span class='ocrx_word' id='word_1_579' title='bbox 771 4496 821 4544; x_wconf 89' lang='lat' dir='ltr'>this</span> <span class='ocrx_word' id='word_1_580' title='bbox 834 4495 884 4544; x_wconf 91' lang='lat' dir='ltr'>and</span> <span class='ocrx_word' id='word_1_581' title='bbox 896 4496 1029 4558; x_wconf 82' lang='lat' dir='ltr'>vigilance.</span> <span class='ocrx_word' id='word_1_582' title='bbox 1063 4495 1135 4558; x_wconf 87' lang='lat' dir='ltr'>Also,</span> <span class='ocrx_word' id='word_1_583' title='bbox 1146 4494 1259 4557; x_wconf 83' lang='lat' dir='ltr'>walking</span> <span class='ocrx_word' id='word_1_584' title='bbox 1270 4494 1345 4541; x_wconf 88' lang='lat' dir='ltr'>much</span> 
     </span>
     <span class='ocr_line' id='line_1_90' title="bbox 156 4573 1346 4640; baseline -0.001 -16"><span class='ocrx_word' id='word_1_585' title='bbox 156 4573 207 4624; x_wconf 86' lang='lat' dir='ltr'>and</span> <span class='ocrx_word' id='word_1_586' title='bbox 220 4589 282 4638; x_wconf 88' lang='lat' dir='ltr'>very</span> <span class='ocrx_word' id='word_1_587' title='bbox 294 4575 381 4640; x_wconf 88' lang='lat' dir='ltr'>quick,</span> <span class='ocrx_word' id='word_1_588' title='bbox 394 4578 439 4626; x_wconf 89' lang='lat' dir='ltr'>has</span> <span class='ocrx_word' id='word_1_589' title='bbox 450 4575 482 4626; x_wconf 85' lang='lat' dir='ltr'>of</span> <span class='ocrx_word' id='word_1_590' title='bbox 493 4576 570 4627; x_wconf 88' lang='lat' dir='ltr'>itself</span> <span class='ocrx_word' id='word_1_591' title='bbox 579 4579 623 4628; x_wconf 89' lang='lat' dir='ltr'>the</span> <span class='ocrx_word' id='word_1_592' title='bbox 635 4593 704 4628; x_wconf 86' lang='lat' dir='ltr'>same</span> <span class='ocrx_word' id='word_1_593' title='bbox 717 4577 862 4640; x_wconf 82' lang='lat' dir='ltr'>tendency3</span> <span class='ocrx_word' id='word_1_594' title='bbox 879 4575 929 4626; x_wconf 88' lang='lat' dir='ltr'>and</span> <span class='ocrx_word' id='word_1_595' title='bbox 941 4575 1057 4639; x_wconf 81' lang='lat' dir='ltr'>morning</span> <span class='ocrx_word' id='word_1_596' title='bbox 1074 4575 1199 4638; x_wconf 77' lang='lat' dir='ltr'>exercho,</span> <span class='ocrx_word' id='word_1_597' title='bbox 1211 4574 1234 4625; x_wconf 87' lang='lat' dir='ltr'>if</span> <span class='ocrx_word' id='word_1_598' title='bbox 1243 4583 1287 4624; x_wconf 92' lang='lat' dir='ltr'>not</span> <span class='ocrx_word' id='word_1_599' title='bbox 1299 4576 1346 4623; x_wconf 53' lang='lat' dir='ltr'>ims</span> 
     </span>
    </p>
   </div>
   <div class='ocr_carea' id='block_1_13' title="bbox 0 0 1442 5040">
    <p class='ocr_par' dir='ltr' id='par_1_16' title="bbox 0 0 1442 5040">
     <span class='ocr_line' id='line_1_91' title="bbox 0 0 1442 5040; baseline 0 7"><span class='ocrx_word' id='word_1_600' title='bbox 0 0 1442 5040; x_wconf 95' lang='lat' dir='ltr'> </span> 
     </span>
    </p>
   </div>
  </div>
 </body>
</html>
