2874 5040
538 677 649 737 VIRO
672 676 884 746 INGENUO,

249 939 476 1016 ARTIBUS
504 940 789 1014 MEDICINAE
818 940 1168 1025 PERITISSIMO,

171 1216 344 1268 NECNON
375 1216 420 1265 IN
447 1214 558 1266 OMNI
587 1214 753 1264 GENERE
783 1213 1010 1265 DOCTRINAE
1038 1211 1241 1273 EXCULTO,

280 1465 544 1552 JACOBO
581 1463 965 1563 BLUNDELL,
998 1464 1132 1547 M.D.

690 1678 717 1727 S.

568 1952 846 1967 Ἣ

109 2204 371 2279 Exnsmnnmo
387 2207 479 2279 bona
495 2212 548 2278 est
565 2216 747 2302 tamquam
764 2203 849 2277 odor
866 2203 1040 2302 unguenti
1061 2203 1251 2302 fragrantis
1269 2213 1306 2276 et

106 2323 270 2422 pretiosi3
290 2349 403 2423 neque
421 2323 556 2409 dubito,
573 2322 658 2420 quin
676 2322 771 2421 apud
788 2333 944 2421 posteros
962 2348 1003 2395 ea
1021 2322 1085 2395 tibi
1102 2321 1146 2395 sit
1163 2321 1305 2395 futura:

107 2452 245 2514 namet
269 2441 449 2540 ingenium
466 2453 503 2514 et
527 2441 652 2515 merita
672 2451 735 2513 tua
760 2440 1038 2539 praecelluerunt,
1056 2451 1092 2513 et
1116 2441 1201 2513 mihi
1230 2465 1308 2538 per·

108 2583 250 2632 suasum
266 2571 330 2646 est,
345 2558 476 2631 sannam
493 2570 592 2631 tuam
607 2557 852 2656 possedurare
869 2557 1037 2657 quamdiu
1054 2556 1131 2630 libri
1145 2569 1182 2630 et
1199 2557 1307 2632 literae

108 2676 248 2749 durent.
303 2676 346 2749 In
369 2676 484 2749 lucem
509 2700 602 2758 nunc
627 2674 774 2775 demum
796 2675 898 2748 edere
924 2673 1008 2748 mihi
1025 2673 1136 2747 visum
1162 2685 1215 2748 est
1240 2675 1307 2749 hoc

109 2817 209 2891 opus,
227 2805 264 2866 et
287 2793 362 2880 tibi,
381 2794 445 2866 Vir
466 2793 641 2892 benevola,
665 2792 774 2866 libens
797 2792 932 2879 dedico,
958 2791 1111 2888 ingentis
1137 2817 1222 2890 erga
1250 2817 1307 2866 me

108 2910 289 3007 patrocinii
301 2910 548 2985 testimonium
562 2961 564 2966 -
593 2909 687 3008 Scio
693 2921 909 3018 quantopere
925 2909 1023 2983 bonis
1036 2909 1167 2982 artibus
1180 2909 1306 2998 faveas,

109 3041 280 3125 quantum
292 3028 413 3126 gaudii
426 3029 554 3126 capias,
570 3027 599 3101 si
616 3019 759 3102 studiosi
776 3029 799 3102 J
800 3054 928 3102 uvenes
946 3026 1077 3125 aliquid
1090 3027 1208 3125 adepti
1225 3026 1306 3114 sint,

110 3170 180 3242 quo
196 3145 328 3219 facilius
345 3145 550 3219 medicinam
563 3146 689 3219 colant.
734 3146 844 3219 Mitto
858 3171 955 3244 ergo,
968 3145 1012 3218 ad
1023 3157 1060 3218 te
1075 3145 1219 3218 Celsum
1228 3169 1307 3218 nos-

109 3274 215 3349 trum,
229 3276 408 3336 auctorem
421 3263 582 3349 nobilem,
596 3274 633 3335 et
646 3274 723 3335 tuas
736 3262 884 3348 delicias,
897 3263 978 3336 meai
990 3263 1110 3360 operti,
1124 3263 1174 3358 (ni
1188 3261 1305 3359 fallor)

109 3380 271 3454 studiosae
292 3379 481 3479 juventuti,
502 3379 773 3479 cuiplurimum
796 3379 901 3467 faves,
918 3393 955 3453 et
976 3380 1167 3478 gratiorem
1189 3390 1226 3453 ct
1250 3404 1307 3454 ac·

34 3520 38 3528 ·
109 3497 616 3572 commodatioremredditum.
671 3499 730 3571 Tu
747 3509 878 3586 autem,
889 3498 967 3585 hoc,
978 3499 1231 3597 qualecumque
1248 3497 1305 3587 sit,

109 3614 305 3714 benigniter
322 3616 451 3716 accipe.
504 3615 604 3688 Vale.

972 3739 1011 3798 A.
1032 3739 1068 3797 L.

288 3866 402 3926 Dabam
416 3865 552 3934 Londini,

150 3966 253 4016 :1111mo
265 3959 406 4038 Augusti,
419 3977 480 4018 an.
495 3975 691 4018 uncccxxxs.
