2874 5040
169 205 228 280 xvi
647 212 740 274 vrrs
766 221 884 274 caasr.

169 400 288 476 amieis
303 398 446 473 babuit:
474 398 568 472 band
586 398 695 472 dubie
720 398 818 472 abus
841 400 903 473 evi
920 397 1101 487 modestia,
1116 398 1210 497 quod
1229 397 1369 494 ingenia

169 498 396 593 admiratione
413 517 591 615 superiora
606 517 765 615 protulit.

221 635 293 710 Sed
318 635 480 723 animur
505 634 598 707 mala
622 634 782 734 exempla
806 660 850 707 ex
874 633 972 706 bouis
996 633 1100 706 initiis
1124 643 1221 704 orta:
1247 632 1298 706 ita
1324 656 1368 704 ex

168 753 305 840 aemula,
321 753 358 825 in
374 751 616 850 conquirendis
642 776 852 850 magnorum
876 751 1097 850 ingeniorum
1118 736 1366 834 monumentis,

167 870 364 970 principum
403 859 654 956 munificentia,
683 879 899 943 accrescente
934 868 1104 966 paulatim
1144 866 1364 939 librariorum

167 988 322 1074 avaritia,
338 1012 459 1060 omnes
474 988 588 1084 propd
616 986 828 1085 optimorum
853 984 959 1060 etiam
977 986 1172 1058 Auctomm
1188 985 1366 1082 prascrip-

167 1105 279 1179 tioncs
302 1105 461 1202 impune,
486 1105 531 1176 ad
562 1105 733 1178 lucrosam
762 1106 930 1202 cujusque
955 1102 1143 1188 libidinem,
1160 1101 1366 1188 immutate,

166 1247 214 1296 ne
230 1222 342 1295 dicam
360 1222 578 1296 adulterata.

217 1341 338 1437 Atque
357 1340 468 1413 ut‘ad
488 1340 631 1412 Celsum
656 1338 817 1422 redeam3
845 1349 932 1436 quot
954 1339 1029 1435 ejus
1053 1336 1168 1409 hodie.
1186 1335 1365 1420 editiones,

166 1467 221 1529 tot
247 1456 358 1529 ferme
386 1455 625 1552 inscriptiones
655 1454 806 1528 diversae.
871 1455 1013 1528 Caesarii
1043 1453 1159 1538 babet,
1188 1453 1364 1525 “Aurelii

167 1572 320 1646 Cornelii
340 1573 432 1646 Celsi
449 1574 494 1646 de
514 1573 568 1645 Re
587 1571 730 1644 Medica
743 1572 851 1644 Vlll.
867 1571 965 1647 Libri
975 1569 1224 1644 e1·uditissimi.”
1277 1571 1364 1642 Vul-

164 1702 259 1787 gata
279 1690 531 1787 Lugdunenses
557 1715 692 1775 ornnes,
709 1701 746 1762 et
774 1689 950 1762 Leidensis
976 1688 1167 1762 modestius
1189 1687 1261 1759 sine
1278 1687 1364 1784 pha-

164 1807 275 1880 lerato
302 1807 457 1881 encomio
478 1806 522 1878 A.
543 1807 586 1879 C.
608 1806 651 1879 C.
672 1807 717 1880 D.
738 1807 793 1880 M.
820 1806 990 1879 L.V111.
1045 1806 1185 1878 Horum
1211 1805 1362 1902 priorem

166 1925 275 2022 Cajus
305 1925 353 1997 sie
379 1924 549 1997 mutavit:
577 1925 753 1997 “Aurelii
780 1924 933 1999 Cornelii
960 1923 1053 1996 Celsi
1072 1923 1221 1995 Romani
1239 1922 1282 1994 de
1307 1922 1362 1994 Re

146 2041 307 2123 ,Medica
327 2041 428 2113 Libb.
450 2041 557 2113 VIII.
584 2041 806 2138 pereruditi.”
858 2041 908 2113 H.
929 2040 1129 2138 Stephanus
1154 2039 1192 2111 in
1217 2064 1279 2111 sno
1305 2065 1364 2111 ex-

163 2159 309 2257 emplar-i
326 2158 456 2232 caeteris
475 2158 660 2232 Medicinas
680 2158 897 2255 Principibus
915 2157 1051 2257 adjecto
1064 2168 1211 2254 recepte
1223 2156 1363 2230 lectioni

162 2277 340 2351 subdidit:

215 2381 387 2490 “Operis
408 2393 454 2465 ab
479 2417 521 2465 eo
547 2392 665 2490 scripti
693 2394 778 2465 Pars
798 2381 934 2466 Sexta?
959 2394 1057 2467 Vett.
1087 2393 1258 2466 Codicum
1276 2393 1360 2466 MS.

163 2511 407 2582 auctoritatem
449 2521 598 2594 secutus,
625 2509 765 2608 ›quibus
808 2511 999 2584 communis
1040 2511 1114 2583 haec
1156 2509 1362 2608 inscriptio:

163 2636 186 2668 “
214 2627 259 2699 A.
291 2626 444 2706 Cornelii
473 2626 565 2699 Celsi
594 2626 737 2700 Artium
765 2627 871 2701 Liber
896 2628 982 2700 Vl.’'
1034 2627 1132 2700 Nihil
1162 2639 1280 2725 tannen
1305 2626 1362 2699 hic

162 2756 290 2842 praeter
316 2744 495 2816 consilium
519 2756 556 2817 et
580 2768 655 2816 rem
682 2746 726 2816 ab
751 2744 811 2816 illo
837 2747 971 2819 temere
997 2745 1140 2818 factum.
1206 2744 1362 2817 Patriam

163 2850 258 2934 enim
280 2860 350 2935 sive
373 2873 494 2935 auctor
510 2861 597 2959 ipse,
613 2860 683 2934 sive
709 2861 796 2935 alius
820 2862 991 2960 quispiam
1008 2860 1192 2949 addiderit,
1209 2861 1247 2933 id
1264 2863 1364 2934 certe

163 3003 235 3052 aon
251 2991 348 3052 caret
365 2978 547 3053 vetustatis
564 2979 735 3076 exemplo,
752 2979 973 3078 potissimirm
988 2967 1083 3078 apud
1104 2980 1258 3064 Grecos,
1275 3003 1363 3076 quos

163 3095 254 3168 inter
272 3095 396 3170 Celsus
421 3095 484 3168 sibi
501 3095 794 3194 “Hippocratem
815 3097 958 3170 Coum”
974 3095 1129 3194 inprimis
1154 3094 1366 3170 imitandum

163 3211 357 3310 proposuit,
375 3215 473 3310 cujus
491 3213 597 3286 etiam
610 3213 776 3311 pleraque
789 3239 860 3287 non
872 3212 1052 3287 infeliciter
1066 3213 1193 3287 Latino
1206 3238 1364 3287 sermone

163 3328 327 3416 reddidit,
345 3354 445 3402 suam
461 3329 535 3427 ipse
553 3339 701 3404 testatus
717 3330 753 3403 in
772 3329 888 3428 Epist
907 3331 952 3404 ad
971 3331 1113 3405 Pullum
1132 3331 1310 3418 Natalem,
1326 3329 1364 3403 in

163 3445 231 3519 bac
247 3445 445 3520 studiorum
461 3471 590 3543 genere
608 3446 837 3544 diligentiam,
853 3448 961 3546 longa
979 3447 1238 3535 accuratiorem,
1256 3473 1364 3546 quam

165 3561 288 3660 Largii
306 3562 561 3662 Designatidni,
578 3562 639 3660 qui
658 3563 818 3661 Epistola
831 3565 876 3639 ad
893 3565 981 3639 filios
997 3591 1034 3640 se
1050 3564 1154 3639 fuisse
1170 3565 1364 3641 liberiorem

164 3677 307 3753 fadeburs

217 3795 524 3880 Quemadmodum
554 3806 697 3869 notante
730 3796 903 3870 Ceruario
932 3796 969 3870 in
1000 3797 1162 3872 Dedicat.
1189 3797 1362 3887 Marcelli,

164 3913 201 3985 in
217 3912 390 4011 plerisque
408 3912 663 4011 Hippocratem
680 3914 860 4010 expressit,
878 3925 920 3988 ut
944 3914 1098 4012 integras
1113 3907 1365 3992 sententiarum

164 4030 324 4129 periodos
349 4055 393 4103 ex
416 4029 492 4127 ipsa
517 4028 706 4128 descriptas
732 4031 878 4105 subinde
902 4031 940 4104 in
967 4056 1010 4104 eo
1026 4031 1164 4117 videas3
1190 4032 1266 4106 imo
1285 4044 1365 4107 tota

165 4147 281 4245 capita
307 4146 392 4219 nihil
418 4146 513 4220 aliud
544 4172 651 4244 quam
679 4147 905 4245 Hippocratis
929 4148 1119 4222 sententias
1147 4148 1365 4226 adverbum

165 4263 328 4337 reddunt.
381 4264 476 4338 Hinc
494 4289 563 4337 non
579 4264 756 4338 immeritd
771 4265 999 4365 Hippocratis
1013 4264 1158 4338 Simiam
1173 4265 1262 4339 dixit
1281 4267 1362 4342 Nic.

165 4380 372 4468 Monardus,
389 4379 434 4454 de
453 4381 498 4454 V.
518 4380 556 4453 S.
574 4380 611 4454 in
630 4381 773 4456 Pleurit.
790 4382 815 4457 f.
835 4384 878 4456 8:
992 4413 996 4418 ⁸
1341 4451 1344 4456 .

218 4498 295 4572 Etsi
333 4501 415 4574 verb
448 4498 564 4572 Latini
594 4498 778 4597 scriptores
811 4500 964 4599 patriam
997 4499 1092 4575 baud
1119 4525 1229 4601 usque
1251 4503 1364 4601 jacta·
