2874 5040
116 256 185 299 nra.
201 234 263 315 1.]‚·
602 258 783 301 caussam.

115 420 266 492 possunt:
291 399 441 494 siquidem
454 421 489 495 et
509 430 747 494 compressorum
763 423 794 474 et

115 492 281 557 fluentium
317 496 491 558 morborum
527 517 639 580 genera
674 496 795 559 diversa

116 591 211 652 sunt;
234 579 416 665 faciliusque
429 581 463 644 id
477 581 510 643 iu
525 581 573 657 iis,
597 604 667 666 quae
681 580 793 660 fluunt,

116 665 231 749 inspici
245 679 355 749 potest.
400 668 501 730 Aliud
517 679 563 730 est
578 668 659 730 enim
672 667 795 750 sangui-

116 772 203 826 nem,
218 751 304 815 aliud
318 752 422 829 bilem,
437 753 521 816 aliud
538 752 639 817 cibum
655 775 791 828 vomere;

118 836 207 899 aliud
235 838 467 924 dejectionibus,
499 838 584 902 aliud
613 840 794 902 torminibus

117 921 282 998 laborare;
317 922 403 986 aliud
432 924 542 988 sudore
571 924 680 1008 digeri,
710 925 795 988 aliud

118 1011 192 1072 tabe
217 1009 363 1072 consumi.
408 1012 516 1094 Atque
537 1010 570 1072 in
594 1025 697 1094 partes
719 1032 795 1095 quo·

118 1115 180 1178 que
202 1094 313 1158 humor
334 1095 478 1179 erumpit,
499 1109 536 1159 ut
558 1097 672 1173 oculos,
696 1118 796 1161 aures-

118 1203 202 1264 que:
234 1203 295 1265 quo
320 1181 456 1265 periculo
480 1181 601 1245 nullum
626 1181 795 1245 humanum

117 1267 291 1329 membrum
314 1279 411 1331 vacat.
456 1267 546 1331 Nihil
569 1280 669 1331 autem
685 1268 794 1331 borum

119 1352 165 1415 sic
181 1364 217 1414 ut
238 1352 324 1416 aliud
347 1365 478 1417 curatur.
524 1354 581 1426 Ita,
598 1353 741 1438 protinus
762 1355 795 1416 in

118 1437 171 1501 his
186 1460 206 1501 a
223 1439 377 1501 communi
398 1437 521 1502 fluentis
542 1440 640 1502 morbi
662 1453 797 1503 contem-

118 1524 259 1608 platione
274 1526 314 1588 ad
327 1524 480 1610 propriam
505 1525 658 1588 medicina
671 1527 796 1589 descen-

119 1610 179 1673 dit.
223 1611 331 1695 Atque
345 1610 378 1672 in
401 1610 459 1674 bac
477 1633 598 1696 quoque
613 1633 717 1674 rursus
736 1611 796 1674 alia

119 1696 318 1781 proprietatis
332 1695 442 1759 notitia
457 1719 537 1780 saepe
552 1697 719 1760 necessaria
733 1711 793 1769 est;

120 1783 279 1867 quianon
302 1783 406 1845 eadem
429 1783 582 1859 omnibus,
604 1783 695 1845 etiam
711 1783 743 1844 iu
759 1782 799 1845 si-

121 1868 248 1930 milibus
264 1867 394 1945 casibus,
410 1868 608 1953 opitulantur.
641 1868 798 1952 Siquidem

122 1968 216 2018 certae
227 1954 369 2038 quaedam
381 1976 429 2016 res
444 1966 527 2031 suut,
537 1976 606 2039 quae
616 1954 649 2016 in
660 1954 800 2038 pluribus

122 2052 263 2102 ventrem
275 2052 329 2102 aut
344 2039 549 2124 adstringunt,
560 2054 613 2103 aut
623 2039 797 2102 resolvunt:

122 2124 326 2189 inveniuntur
340 2137 454 2202 tamen,
465 2126 497 2188 in
509 2126 619 2210 quibus
634 2125 734 2201 aliter,
757 2138 802 2188 at-

123 2233 185 2296 que
206 2211 240 2274 in
266 2212 384 2288 ceteris,
405 2210 488 2274 idem
513 2212 643 2275 eveniat.
689 2212 730 2274 Iu
752 2210 801 2273 his

124 2319 199 2382 ergo
231 2297 437 2361 communium
468 2296 617 2382 inspectio
652 2297 802 2361 contraria

124 2395 184 2461 est,
208 2383 399 2468 propriorum
422 2395 541 2446 tantum
562 2383 711 2447 salutaris.
757 2385 802 2446 Et

125 2491 228 2532 causae
243 2491 364 2554 quoque
385 2467 548 2533 aestimatio
568 2491 648 2554 saepe
664 2470 802 2533 morbum

125 2553 229 2617 solvit.
297 2557 383 2639 Ergo
412 2553 504 2618 etiam
541 2554 803 2640 ingeniosissimus

126 2640 234 2704 saeculi
245 2641 342 2704 nostri
353 2640 500 2717 medicuS,
516 2662 605 2726 quem
617 2664 716 2726 nuper
725 2641 805 2704 vidi-

126 2731 209 2804 nius,
241 2726 376 2803 Cassius,
402 2718 590 2790 febricitanti
615 2727 748 2804 cuidam,
773 2739 805 2791 et

126 2833 242 2896 magna
257 2812 308 2875 siti
323 2811 442 2890 affecto,
458 2834 528 2875 curn
544 2825 613 2897 post
628 2812 804 2877 ebrietatem

844 493 969 558 siquidem
980 501 1041 542 sunt
1051 494 1153 543 diversa
1170 508 1265 555 genera
1277 500 1305 543 et

844 573 1045 623 compressorum
1057 567 1085 608 et
1095 557 1227 607 fluentium
1239 573 1305 608 mor·

843 623 950 684 borum;
967 638 1017 687 que
1030 623 1054 671 id
1067 631 1152 687 potest
1163 624 1255 687 inspici
1267 623 1304 672 fa·

845 690 918 737 cilius
936 690 961 738 in
981 690 1011 738 iis
1034 704 1092 752 quar
1102 687 1194 738 fluunt.
1229 689 1302 736 Enim

845 760 884 802 est
911 753 979 802 aliud
1014 767 1116 802 vomere
1145 756 1304 816 sauguinem,

846 819 916 867 aliud
935 819 1020 879 bilem,
1036 818 1105 867 alind
1118 818 1217 879 cibum;
1234 819 1303 866 alind

846 882 1040 947 dejectionibus,
1048 882 1115 930 aliud
1127 883 1242 932 laborare
1254 891 1305 932 tor·

846 948 973 1007 minibus;
1000 947 1067 996 uliud
1092 948 1174 1011 digeri
1200 947 1304 1010 sudore,

846 1013 915 1062 aliud
925 1012 1040 1062 consumi
1050 1013 1119 1062 tabe.

878 1081 967 1144 Atque
978 1092 1080 1142 quoque
1090 1079 1180 1127 humor
1195 1077 1308 1141 erumpit

846 1144 873 1192 in
886 1153 983 1208 partes,
991 1150 1020 1191 ut
1031 1144 1144 1203 occulos,
1156 1158 1205 1206 que
1215 1157 1305 1193 aures:

846 1224 896 1274 quo
915 1209 1030 1273 periculo
1048 1208 1144 1256 nullum
1168 1209 1305 1256 humanum

846 1275 988 1322 membrum
997 1278 1081 1322 vacat.
1093 1272 1188 1322 Autem
1197 1274 1308 1322 nihilho-

846 1338 1059 1388 rumcuratursic
1069 1344 1096 1385 ut
1105 1338 1182 1387 aliud.
1200 1339 1307 1402 Itapro-

845 1405 913 1453 tinus
923 1404 1052 1453 medicina
1062 1402 1197 1452 descendit
1209 1404 1234 1451 in
1246 1401 1308 1452 hisi

846 1470 973 1517 communi
984 1469 1193 1531 contemplationi
1204 1466 1308 1517 fluentis

846 1535 928 1582 morbi
937 1534 969 1582 ad
977 1535 1116 1596 propriam.
1128 1536 1216 1597 Atque
1225 1535 1251 1581 iu
1259 1535 1308 1583 hac

846 1599 1310 1663 quoquerursusaliauotitiaproprie-

846 1664 906 1712 tatis
913 1670 954 1712 est
962 1678 1032 1726 saepe
1041 1667 1199 1722 necessaria;
1209 1665 1253 1728 qui
1265 1679 1308 1712 ea·

849 1729 1310 1789 demnonopitulanturomnibus,eti·

849 1792 1165 1842 aminsimilibuscasibus.
1178 1794 1309 1859 Siquidem

850 1868 910 1908 snut
919 1858 1038 1922 quaedam
1048 1867 1127 1906 certae
1139 1874 1188 1917 res,
1197 1874 1254 1923 quae
1264 1865 1310 1908 aut

850 1925 990 1984 resolvunt,
1017 1931 1062 1970 arrt
1081 1925 1225 1983 astringunt
1249 1939 1311 1972 ven·

850 1993 917 2036 trem
929 1988 954 2035 in
967 1988 1096 2050 pluribus:
1114 1995 1200 2036 muter
1211 1989 1309 2036 iuveni·

851 2061 928 2101 untur
949 2053 975 2100 iu
999 2052 1091 2116 quibus
1119 2052 1186 2100 idem
1207 2054 1311 2102 eveniat

851 2118 935 2181 aliter,
952 2127 1029 2181 atque
1041 2117 1065 2164 iu
1083 2117 1193 2165 caeteris.
1227 2117 1259 2164 lu
1272 2119 1310 2166 his

852 2197 914 2246 ergo
937 2183 1061 2244 inspectio
1081 2182 1249 2229 comruuuinur
1270 2189 1311 2231 est

851 2246 1154 2309 coutraria,propriorum
1164 2253 1261 2294 tantum
1272 2261 1312 2294 sa·

853 2313 950 2362 lutaris.
995 2312 1029 2359 Et
1051 2325 1152 2375 quoque
1175 2312 1312 2360 aestimatio

853 2392 938 2426 causae
947 2391 1018 2439 saepe
1026 2376 1230 2425 solvitmorbum.
1242 2377 1313 2439 Ergo

853 2444 930 2492 etiam
956 2442 1173 2504 ingeniosissimus
1197 2440 1313 2491 medicus

853 2509 934 2557 nostri
954 2507 1051 2569 saeculi,
1068 2521 1144 2571 quem
1156 2520 1237 2569 nuper
1248 2506 1314 2554 vidi·

854 2588 919 2635 mus,
939 2572 1053 2633 Cassius,
1072 2572 1179 2634 ingessit
1192 2570 1313 2634 frigidam

854 2653 945 2702 aquam
957 2636 1058 2687 cuidam
1068 2636 1236 2696 febricitanti,
1244 2635 1315 2686 staf-

855 2701 922 2752 fecto
936 2717 1028 2764 magna
1053 2703 1105 2764 siti,
1129 2717 1186 2750 cnm
1208 2715 1318 2768 cognosg

856 2775 896 2817 set
919 2768 1028 2831 coepisse
1046 2767 1128 2830 premi
1150 2772 1209 2830 post
1230 2766 1316 2814 ebrie·

593 2985 845 3029 Tanusnaulou.

68 3083 69 3087 ’
128 3077 157 3121 to
177 3069 278 3121 confine
300 3072 454 3122 themselves
474 3074 500 3122 in
525 3090 575 3138 any
587 3088 692 3122 manner
710 3081 737 3122 to
758 3074 825 3122 their
844 3087 902 3123 own
919 3072 1074 3136 principles3
1090 3073 1160 3121 since
1179 3074 1252 3121 there
1271 3086 1316 3121 are

120 3151 340 3203 'differentkinds
352 3154 414 3204 both
423 3153 454 3204 of
460 3157 504 3205 the
514 3155 676 3220 constipated
690 3155 739 3203 aud
750 3156 818 3204 lousa
830 3154 953 3215 diseases,
961 3153 1014 3202 and
1025 3155 1046 3203 it
1057 3169 1105 3203 can
1114 3153 1147 3202 be
1159 3168 1229 3203 more
1238 3155 1317 3218 easily

129 3235 320 3298 distinguished
336 3236 363 3286 in
379 3237 453 3286 those
464 3239 521 3287 who
539 3252 584 3287 are
600 3235 724 3300 suffering
740 3235 823 3285 under
839 3234 902 3299 dux,
920 3233 961 3283 for
977 3235 1030 3285 itis
1048 3250 1096 3284 one
1115 3237 1188 3298 thing
1200 3244 1226 3286 to
1238 3237 1318 3286 vomit

129 3317 218 3380 blood,
236 3319 342 3366 another
352 3324 380 3368 to
391 3318 471 3368 vomit
482 3319 543 3381 bile,
566 3318 616 3368 and
628 3319 734 3367 another
745 3318 789 3366 the
805 3317 882 3378 food3
898 3331 948 3366 one
960 3318 1026 3366 shall
1044 3317 1133 3367 labour
1146 3319 1228 3368 nuder
1239 3335 1254 3368 a
1266 3319 1319 3368 dia·

130 3400 236 3461 rrhoea3
252 3400 361 3449 another
372 3399 454 3448 under
471 3399 627 3465 dysentery;
646 3414 694 3449 one
711 3413 769 3462 may
787 3399 819 3448 be
835 3398 981 3448 emaciated
992 3399 1026 3464 by
1038 3401 1201 3464 colliquative
1217 3407 1320 3461 sweats,

130 3481 240 3530 another
249 3480 347 3531 wasted
357 3481 392 3542 by
404 3483 588 3546 consumptiou.

164 3563 190 3611 A
200 3562 335 3626 discharge
346 3563 421 3613 takes
441 3564 514 3626 place
525 3565 551 3612 in
563 3561 661 3613 certain
673 3572 754 3627 parts,
774 3561 814 3612 sor
831 3563 956 3626 instance,
978 3564 1023 3613 the
1035 3579 1095 3628 eyes
1106 3565 1235 3628 antean,
1253 3563 1319 3614 from

130 3644 217 3695 which
229 3659 262 3693 no
273 3652 332 3709 part
342 3645 373 3695 ot'
385 3646 428 3695 the
440 3647 533 3694 human
543 3644 624 3694 frasne
635 3646 656 3694 is
670 3653 790 3709 exempta
806 3645 853 3695 but
863 3652 909 3695 not
919 3660 967 3694 oue
978 3644 1009 3694 of
1015 3647 1087 3694 these
1099 3648 1250 3710 complaints
1261 3648 1281 3695 is
1292 3653 1320 3696 to

131 3725 166 3774 be
177 3726 280 3776 treated
297 3728 402 3792 esactly
414 3728 440 3777 in
458 3729 502 3777 the
518 3742 589 3776 same
605 3741 711 3775 manner
721 3742 749 3776 as
761 3728 869 3777 another
878 3747 886 3789 3
902 3741 930 3776 so
942 3725 1071 3776 therefore
1088 3728 1113 3774 iu
1130 3729 1192 3776 such
1210 3743 1281 3777 cases
1292 3744 1320 3778 as

131 3808 217 3865 these.
227 3809 271 3858 the
283 3809 415 3873 physieian
427 3807 553 3857 descends
562 3807 627 3859 from
639 3809 683 3858 the
693 3823 808 3858 common
820 3808 999 3858 classificatiou
1010 3807 1042 3858 of
1048 3809 1159 3872 running
1169 3809 1282 3858 diseases
1293 3816 1321 3860 to

84 3911 87 3918 ·
132 3890 178 3941 the
191 3890 314 3954 peculiar.
347 3890 408 3939 And
421 3905 485 3939 eveu
497 3890 523 3938 in
534 3890 583 3939 this
593 3891 678 3955 again,
696 3907 711 3940 a
722 3890 875 3954 knowledge
886 3890 917 3938 of
929 3891 1105 3955 idiosyncracy
1116 3891 1137 3939 is
1149 3890 1219 3940 often
1232 3905 1322 3940 neces-

133 3985 205 4036 sary,
222 3971 333 4023 because
345 3972 388 4021 the
399 3987 468 4021 same
484 3972 611 4021 remedies
622 3974 674 4021 will
685 3978 730 4021 not
741 3973 806 4022 avail
816 3973 859 4034 all,
875 3987 940 4021 even
950 3973 976 4021 iu
990 3973 1085 4021 similar
1096 3987 1183 4022 cases:
1199 3974 1321 4037 although

133 4054 208 4103 there
220 4068 264 4102 are
275 4068 344 4102 some
355 4054 455 4104 certain
467 4054 551 4117 things
561 4054 644 4103 which
655 4055 737 4104 either
747 4056 833 4103 excite
843 4069 872 4103 or
883 4069 985 4117 repress
997 4055 1041 4102 the
1053 4054 1136 4102 alsine
1144 4056 1284 4104 secretions
1295 4056 1322 4104 in

133 4140 202 4184 most
211 4135 321 4199 people3
337 4140 381 4198 yet
400 4137 475 4184 there
492 4150 537 4184 are
549 4150 619 4185 some
636 4150 742 4200 persons
759 4141 786 4185 to
797 4135 829 4184 be
841 4134 931 4199 found,
949 4137 975 4184 in
986 4137 1069 4184 whom
1089 4137 1132 4184 the
1143 4137 1225 4184 result
1241 4136 1323 4200 might

133 4219 239 4281 hoppen
250 4222 277 4266 to
288 4216 321 4265 be
332 4217 478 4266 otherwise.
510 4216 650 4266 Therefore
664 4218 691 4266 in
708 4218 781 4267 these
797 4231 870 4266 cases
886 4232 918 4266 an
936 4217 1099 4267 observation
1110 4216 1140 4266 os
1153 4219 1196 4266 the
1207 4232 1323 4267 common

135 4298 270 4361 diagnoses
282 4299 303 4348 is
314 4298 449 4364 injurious,
466 4301 510 4348 the
528 4299 646 4363 peculias
664 4300 723 4363 ouly
735 4299 860 4362 saliuam,
876 4297 925 4347 and
938 4313 953 4347 a
964 4305 1065 4348 correct
1084 4299 1256 4363 pathological
1271 4299 1323 4350 dis·

134 4379 286 4428 tinctiones
298 4381 342 4430 the
354 4394 431 4430 cause
442 4380 513 4430 often
525 4395 641 4430 removes
653 4381 697 4430 the
715 4381 823 4429 disease.
857 4379 889 4428 ln
901 4380 951 4429 this
967 4394 1073 4428 manner
1084 4380 1137 4429 also
1149 4381 1261 4445 Cassius,
1279 4383 1323 4431 the

133 4467 202 4510 most
212 4461 346 4524 ingenious
357 4463 490 4527 physician
501 4463 584 4511 whom
593 4476 632 4511 we
644 4464 711 4512 have
724 4477 783 4511 seen
794 4461 877 4512 ofonr
889 4476 945 4524 age,
959 4462 1037 4524 being
1048 4461 1150 4525 applied
1163 4469 1189 4510 to
1201 4462 1258 4526 hya
1268 4479 1326 4513 cer-

133 4543 189 4592 tain
208 4553 304 4617 person
314 4543 340 4593 in
353 4559 369 4593 a
380 4551 448 4595 state
458 4542 489 4595 of
501 4543 563 4608 high
580 4543 663 4609 sever,
683 4543 866 4609 accompauied
878 4545 941 4593 with
959 4551 1033 4607 great
1044 4544 1128 4607 thirst,
1144 4546 1219 4593 when
1229 4542 1325 4594 he'had

134 4623 287 4676 discovered
298 4626 342 4677 the
359 4625 475 4690 exciting
490 4641 569 4679 cause
580 4632 606 4677 to
617 4628 682 4678 have
700 4624 847 4691 proceeded
862 4625 927 4675 from
945 4625 1130 4692 intoxication,
1144 4625 1261 4676 ordered
1270 4625 1335 4673 'xiim
