2874 5040
166 191 207 254 to
566 206 686 250 canses
708 206 754 249 ns
777 203 963 248 unnicma.

167 382 237 445 quae
259 372 424 438 assumant,
454 371 485 424 et
510 358 661 444 quomodo
682 371 837 434 curentur,

167 446 302 510 interest.
327 446 454 525 Quibus
460 444 629 530 juvenibus
640 442 730 507 fluxit
740 443 839 519 alvus,

168 531 349 617 plerumque
376 532 409 595 in
442 542 597 594 senectute
629 529 838 593 contrahitur:

170 617 281 702 quibus
303 619 336 681 in
361 616 565 681 adolescentia
592 614 653 678 fuit
682 615 838 690 adstricta,

171 725 252 786 saepe
266 703 298 765 in
310 716 467 767 senectute
482 702 619 765 solvitur.
664 699 779 763 Melior
794 712 841 763 est

171 801 273 872 autem
287 790 321 852 in
331 790 446 875 juvene
460 787 566 865 fusior,
581 787 615 849 in
630 808 702 850 sene
715 785 843 848 adstric-

174 875 242 938 tior.

216 961 358 1044 Tempus
389 982 509 1045 quoque
545 957 617 1020 anni
653 955 844 1020 considerare

174 1059 302 1132 oportet.
348 1046 464 1109 Hieme
488 1045 559 1129 plus
588 1065 653 1106 esse
681 1041 842 1114 convenit;

173 1133 288 1210 minus,
301 1133 354 1194 sed
365 1131 513 1195 meracius
526 1129 645 1200 bibere3
658 1128 755 1192 multo
766 1150 846 1208 pane

174 1218 234 1294 uti,
246 1240 336 1282 carne
346 1216 449 1302 potius
463 1217 553 1292 elixa,
563 1214 681 1278 modice
692 1213 844 1286 oleribus3

177 1303 272 1366 semel
286 1302 337 1366 die
358 1303 459 1366 cibum
482 1323 599 1386 capere,
624 1299 685 1362 nisi
708 1300 734 1362 si
755 1298 847 1361 nimis

177 1402 284 1452 venter
298 1387 461 1452 adstrictus
483 1400 538 1451 est.
585 1386 617 1450 Si
640 1386 770 1468 prandet
793 1384 848 1447 ali-

177 1474 258 1558 quis,
287 1474 394 1537 utilius
422 1486 468 1536 est
494 1473 638 1556 exiguum
665 1470 791 1555 aliquid,
818 1481 848 1532 et

178 1559 280 1643 ipsum
305 1560 418 1622 siccum
441 1559 506 1622 sine
528 1580 628 1635 carne,
646 1557 712 1620 sine
725 1555 850 1640 potione

179 1667 307 1709 sumere.
351 1647 401 1708 Eo
416 1658 551 1727 tempore
573 1643 645 1707 anni
667 1642 772 1706 calidis
787 1664 850 1704 orn-

179 1731 272 1793 nibus
287 1730 390 1815 potius
404 1731 552 1793 utendum
576 1742 632 1805 est,
648 1729 698 1790 vel
720 1727 850 1792 calorem

180 1816 384 1880 moventibus.
438 1817 544 1879 Venus
572 1828 638 1878 tutn
666 1835 729 1876 non
764 1835 851 1897 aeque

179 1902 350 1986 perniciosa
370 1915 425 1966 est.
471 1903 518 1965 At
541 1924 611 1965 vere
632 1901 759 1985 paulurn
783 1900 851 1962 cibo

181 1988 378 2064 demendum,
388 1987 653 2073 adjiciendumque
661 1985 790 2070 potioni,
798 1986 853 2048 sed

181 2074 311 2139 dilutius
334 2088 437 2138 tamen
461 2074 627 2138 bibendum
657 2086 721 2145 est;
754 2070 851 2156 magis

182 2183 272 2225 carne
286 2161 447 2239 utendum,
469 2159 567 2244 magis
582 2158 732 2231 oleribus3
756 2170 853 2220 trans-

183 2248 319 2310 cundum
347 2245 495 2331 paulatim
525 2245 565 2308 ad
593 2266 660 2308 assa
687 2244 727 2307 ab
754 2241 852 2306 elixis.

183 2334 290 2396 venus
313 2355 348 2396 eo
372 2343 507 2415 tempore
532 2329 604 2394 anni
625 2329 778 2394 tutissima
797 2341 851 2391 est.

184 2415 310 2482 AEstate
324 2440 395 2482 vero
417 2431 448 2480 et
469 2414 592 2501 potione
614 2428 645 2479 et
660 2415 728 2478 cibo
742 2414 854 2497 saepius

184 2526 296 2587 corpus
305 2517 393 2588 eget;
406 2503 475 2565 ideo
485 2502 633 2585 prandere
643 2522 764 2587 quoque
774 2520 856 2562 com-

183 2590 310 2652 modum
319 2602 373 2652 est.
408 2586 458 2652 Eo
470 2601 605 2671 tempore
616 2587 773 2671 aptissima
784 2596 856 2647 sunt

186 2686 217 2737 et
231 2697 300 2738 caro
312 2687 342 2738 et
356 2675 442 2747 olus;
459 2674 544 2758 potio
555 2695 646 2756 quam
660 2671 854 2748 dilutissima,

184 2772 221 2823 ut
236 2772 267 2823 et
282 2759 363 2823 sitim
378 2759 477 2837 tollat,
490 2781 549 2823 nec
567 2779 675 2843 corpus
689 2757 853 2829 incendat3

184 2845 298 2929 frigida
319 2845 443 2923 lavatio,
467 2866 537 2909 caro
560 2867 638 2921 assa,
661 2843 768 2926 frigidi
783 2843 855 2919 cibi,

187 2930 237 2993 vel
258 2931 311 3017 qui
326 2931 512 3015 refrigerent.
557 2931 606 2994 Ut
621 2929 732 3014 saepius
752 2943 854 2993 autern

186 3016 256 3080 cibo
281 3019 442 3096 utendum,
471 3016 514 3080 sic
543 3016 654 3100 exiguo
682 3028 736 3079 est.
793 3017 855 3080 Per

1224 172 1308 259 [irs.
1326 200 1348 243 1.

1070 373 1168 417 ottho.

890 450 983 487 venum
1005 451 1063 501 quae
1082 440 1222 498 mirmant,
1241 440 1269 486 et
1290 450 1352 500 quo·

891 503 966 552 modo
978 508 1109 550 curentur.
1137 501 1238 552 Quibus
1248 500 1351 564 juveni·

892 568 941 616 bus
952 568 1023 615 alvus
1035 564 1119 622 fluxit,
1130 566 1282 641 plerumque
1294 579 1352 614 con·

890 632 999 683 trahitur
1008 631 1033 679 in
1043 636 1191 680 senectute:
1203 631 1296 693 quibus
1304 628 1353 678 fnit

891 696 1014 746 adstricta
1032 697 1057 744 iu
1079 695 1264 756 adolescentia,
1282 708 1352 758 saepe

892 763 999 811 solvitur
1019 761 1045 810 iu
1070 766 1211 808 senectute.
1256 758 1352 808 Autem

892 825 974 875 fusior
988 823 1086 887 (alvus)
1103 831 1144 873 est
1163 825 1255 873 melior
1270 824 1297 872 in
1310 824 1353 887 ju·

892 905 969 952 vene,
980 890 1126 938 adstrictior
1138 890 1163 938 in
1175 903 1245 938 sene.

926 955 1036 1019 Quoque
1063 958 1166 1018 oportet
1187 951 1353 1002 considerare

895 1020 1072 1083 tempusanui.
1093 1019 1223 1068 Convenit
1231 1032 1287 1067 esse
1297 1017 1353 1080 plus

895 1085 994 1143 hieme3
1010 1083 1098 1131 bibere
1110 1085 1203 1145 miuus,
1216 1084 1262 1132 sed
1273 1097 1354 1131 mera·

896 1149 951 1197 cius
962 1164 969 1208 ;
981 1149 1104 1198 utimulto
1113 1148 1281 1211 pane‚potius
1287 1148 1354 1196 elixa

896 1227 984 1274 carne,
998 1213 1099 1262 modice
1118 1213 1245 1273 oleribus:
1260 1226 1354 1275 capere

897 1277 1356 1340 cibumsemeldie,nisi,siveuterest

898 1343 972 1391 nimis
980 1342 1126 1391 adstrictus.
1143 1343 1171 1390 Si
1179 1343 1270 1406 aliquis
1281 1356 1355 1405 pran-

898 1407 943 1456 det
963 1414 1003 1456 est
1024 1407 1112 1456 utilius
1137 1421 1238 1454 sumere
1260 1405 1356 1470 aliquid

897 1473 1026 1534 exiguum,
1043 1479 1070 1521 et
1081 1472 1164 1534 ipsum
1180 1473 1285 1532 siccum,
1302 1472 1357 1520 sine

898 1539 1045 1598 carne,sine
1054 1537 1167 1600 potione.
1192 1537 1231 1585 Eo
1242 1544 1357 1599 tempore

899 1603 959 1650 anni
974 1610 1013 1649 est
1024 1602 1154 1663 utendum,
1164 1600 1281 1650 omnibus
1298 1601 1358 1649 cali·

900 1667 949 1727 dis,
976 1668 1017 1713 vel
1048 1666 1207 1714 moventibus
1238 1665 1357 1714 calorem.

898 1731 963 1779 Tum
976 1746 1055 1779 venus
1065 1746 1115 1779 non
1133 1739 1173 1780 est
1189 1745 1264 1795 aeque
1276 1731 1359 1794 perni-

900 1810 977 1844 crosa.

932 1862 970 1909 At
991 1875 1052 1909 vere
1077 1860 1180 1923 paulum
1206 1859 1359 1908 demendum

901 1924 968 1986 cibo,
985 1941 1035 1989 que
1054 1925 1228 1989 adjiciendum
1245 1925 1358 1988 potioni;

901 1990 947 2038 sed
966 1996 1050 2038 tamen
1075 1990 1213 2039 bibendum
1234 1995 1274 2038 est
1296 1988 1360 2037 diln-

902 2055 1361 2117 tius3utendummagiscarne,magis

902 2121 1029 2180 oleribus;
1045 2119 1226 2168 transeundum
1240 2118 1361 2182 paulatim

903 2185 935 2234 ab
945 2185 1017 2233 elixis
1026 2184 1059 2232 ad
1069 2199 1133 2232 assa.
1162 2185 1250 2233 Venus
1260 2197 1291 2232 eo
1300 2190 1362 2234 tem-

903 2264 966 2313 pore
979 2250 1036 2298 anui
1048 2255 1089 2299 est
1098 2249 1234 2300 tutissima.

935 2315 1005 2363 Vero
1020 2322 1109 2364 aestate
1128 2328 1222 2377 corpus
1238 2320 1299 2376 eget
1316 2329 1362 2362 sas·

903 2379 960 2443 pius
985 2386 1012 2427 et
1033 2379 1136 2443 potione
1161 2387 1189 2428 et
1206 2377 1278 2427 cibo:
1305 2379 1362 2426 ideo

905 2458 1005 2507 quoque
1015 2452 1055 2493 est
1063 2444 1220 2493 commodum
1227 2442 1362 2506 prandere.

905 2509 940 2557 Et
956 2522 1026 2570 caro,
1041 2516 1067 2557 et
1084 2511 1139 2558 olus
1154 2515 1214 2557 sunt
1232 2508 1363 2570 aptissima

893 2577 936 2622 'eo
948 2581 1076 2636 tempore;
1093 2575 1162 2637 potio
1178 2587 1254 2637 quam
1266 2572 1365 2621 dilutis·

906 2637 979 2696 sima,
995 2645 1062 2687 utet
1078 2640 1151 2688 tollat
1166 2639 1245 2695 sitim,
1261 2651 1310 2686 nec
1326 2638 1364 2686 in·

907 2703 1000 2752 cendat
1021 2718 1129 2768 corpus3
1149 2703 1244 2765 frigida
1260 2703 1365 2764 lauatio,

906 2781 966 2815 assa
987 2782 1047 2816 caro
1066 2767 1153 2817 srioidi
1176 2768 1238 2830 cibi,
1259 2768 1301 2815 vel
1323 2767 1366 2831 qui

907 2831 1072 2896 refrigerant.
1097 2805 1193 2883 dotem
1205 2839 1234 2880 nt
1243 2837 1284 2881 est
1295 2838 1367 2880 uten-

908 2896 968 2945 dum
989 2896 1048 2946 cibo
1071 2899 1178 2963 saepius,
1201 2898 1239 2948 sic
1266 2896 1368 2961 exiguo.

655 3155 908 3202 TRANSLATION·

185 3253 236 3303 less
247 3252 405 3317 importante
415 3253 485 3302 what
495 3252 556 3303 sood
567 3268 654 3316 young
664 3268 722 3303 men
734 3252 805 3316 take,
820 3269 849 3302 or
861 3256 917 3303 bow
928 3256 949 3305 it
958 3255 980 3306 is
992 3257 1130 3320 prepared.
1162 3257 1246 3308 'l'bose
1256 3258 1315 3309 who
1326 3273 1370 3308 are
1409 3295 1410 3300 ,

183 3333 218 3383 of
225 3349 241 3383 a
258 3336 421 3399 constipated
437 3336 509 3384 habit
520 3335 596 3384 while
612 3350 706 3399 young,
723 3349 767 3383 are
786 3338 915 3400 generally
926 3337 1032 3387 relaxed
1048 3339 1076 3386 in
1091 3338 1134 3387 old
1152 3354 1218 3403 age:
1236 3341 1289 3389 and
1301 3342 1372 3390 those

186 3417 244 3466 who
255 3431 300 3464 are
311 3416 415 3466 relaxed
427 3417 452 3465 iu
464 3416 532 3466 their
545 3417 634 3479 youth,
651 3432 697 3466 are
714 3416 754 3466 for
770 3418 814 3466 the
832 3425 899 3468 most
909 3428 970 3484 part
980 3420 1076 3468 costive
1088 3421 1114 3468 in
1125 3422 1193 3470 their
1202 3421 1245 3470 old
1256 3436 1314 3484 age.
1347 3423 1373 3472 It

186 3498 209 3546 is
220 3497 305 3546 better
315 3497 355 3546 for
367 3513 382 3546 a
392 3499 470 3562 youth
483 3506 510 3547 to
521 3497 553 3546 be
564 3512 634 3546 more
645 3497 701 3546 free
713 3498 739 3546 in
750 3498 788 3548 his
800 3498 907 3562 howels,
918 3500 967 3549 and
979 3500 1061 3550 sorau
1074 3501 1116 3551 old
1127 3517 1185 3550 man
1198 3509 1224 3552 to
1236 3503 1268 3553 be
1278 3503 1373 3554 bound.

220 3577 278 3627 Itis
290 3579 343 3628 also
356 3594 491 3644 necessary
504 3587 530 3629 to
541 3579 660 3629 consider
671 3581 714 3628 the
725 3594 817 3629 reason
828 3580 858 3629 ot'
866 3583 910 3630 the
922 3597 993 3646 year.
1026 3582 1084 3632 Itis
1095 3599 1191 3647 proper
1202 3590 1228 3632 to
1246 3590 1289 3634 eat
1304 3600 1374 3636 more

184 3659 214 3709 in
226 3659 332 3721 winter3
350 3668 376 3710 to
393 3661 469 3710 drink
481 3662 541 3722 less,
558 3661 604 3710 but
614 3675 684 3710 mora
696 3675 776 3724 pure3
793 3669 820 3711 to
840 3678 886 3712 use
903 3664 992 3729 plenty
1004 3663 1035 3714 of
1047 3664 1137 3728 bread,
1153 3665 1239 3715 boiled
1259 3675 1331 3718 meat
1349 3669 1375 3716 in

186 3740 348 3806 preference,
360 3742 507 3805 vegetables
517 3742 690 3805 moderately;
701 3747 728 3791 to
740 3743 800 3792 take
812 3741 872 3794 food
884 3761 949 3795 once
961 3745 988 3794 in
995 3747 1039 3795 the
1050 3746 1112 3810 day,
1123 3748 1211 3796 unless
1224 3748 1269 3799 the
1278 3749 1374 3798 boweis

187 3837 233 3871 are
244 3836 305 3872 over
316 3823 422 3873 custive.
456 3823 486 3872 1f
493 3838 542 3874 oue
553 3823 634 3885 dines,
650 3823 671 3872 it
686 3823 708 3872 is
719 3823 806 3873 better
814 3832 842 3875 to
853 3827 915 3876 take
927 3841 996 3878 some
1007 3828 1075 3878 little
1086 3828 1170 3891 thing,
1182 3829 1235 3878 and
1248 3830 1307 3879 that
1318 3830 1375 3893 dry,

187 3903 297 3954 without
307 3902 382 3968 flesh,
393 3905 443 3953 and
455 3905 565 3955 without
576 3904 660 3954 drink.
694 3903 726 3952 In
737 3905 794 3955 that
805 3922 894 3958 seusun
911 3908 943 3958 of
955 3910 998 3958 tbe
1008 3924 1080 3973 year,
1100 3910 1134 3958 all
1145 3925 1225 3959 warm
1237 3910 1337 3975 things,
1348 3926 1378 3961 or

188 3985 354 4037 calefaciants
365 3987 447 4049 ought
457 3992 484 4034 to
497 3987 529 4036 be
539 3986 611 4036 used.
644 3988 669 4036 N
671 4002 699 4036 or
710 3987 731 4035 is
742 4001 837 4052 venery
847 4005 875 4038 so
886 3991 1009 4054 injurious
1020 3993 1090 4042 theu.

220 4067 253 4117 In
263 4069 351 4132 spring
361 4084 377 4117 a
388 4069 455 4118 little
465 4069 487 4118 is
499 4075 525 4117 to
534 4069 566 4118 be
577 4069 656 4118 taken
665 4083 737 4133 away
748 4068 813 4119 from
824 4072 867 4119 the
879 4070 949 4136 food,
960 4074 1004 4121 the
1013 4073 1089 4122 drink
1096 4073 1240 4136 increased,
1249 4074 1298 4123 bnt
1306 4088 1376 4123 more

89 4187 91 4192 ,
188 4147 305 4212 diluted3
317 4165 386 4199 more
398 4156 467 4199 meat
479 4149 528 4199 and
540 4151 686 4213 vegetables
696 4165 740 4200 are
749 4151 815 4201 tobe
825 4153 899 4216 used,
910 4154 960 4202 and
971 4160 998 4203 to
1006 4169 1064 4218 pass
1074 4153 1206 4218 gradually
1214 4153 1280 4204 from
1291 4153 1375 4204 hoiled

189 4237 216 4280 to
227 4239 296 4281 roast
307 4238 384 4283 meat.
417 4232 521 4294 Venery
531 4231 552 4279 is
564 4238 631 4282 most
641 4231 695 4282 safe
706 4234 732 4282 in
744 4235 801 4284 that
813 4249 902 4283 season
914 4234 944 4284 of
950 4236 995 4285 the
1007 4250 1075 4300 year.

220 4313 274 4362 But
285 4313 311 4361 iu
322 4327 433 4362 summer
444 4315 488 4362 the
501 4311 568 4375 body
580 4314 694 4377 requires
705 4314 767 4364 both
778 4321 847 4366 meat
858 4317 909 4365 and
921 4317 998 4367 drink
1009 4332 1079 4367 more
1089 4317 1251 4382 frequentlyt
1271 4333 1304 4367 on
1321 4320 1377 4368 that

189 4401 300 4443 account
310 4396 331 4444 it
342 4395 363 4443 is
374 4409 469 4458 proper
478 4401 505 4443 to
517 4394 586 4443 diue.
619 4395 688 4444 Both
698 4404 768 4447 meat
783 4397 834 4446 and
847 4398 994 4461 vegetables
1005 4414 1050 4448 are
1061 4414 1157 4463 proper
1169 4399 1195 4447 in
1207 4401 1264 4449 that
1275 4414 1376 4461 reason,

189 4473 237 4523 hut
248 4475 292 4524 the
310 4475 386 4524 drink
403 4490 430 4523 as
440 4476 518 4524 much
530 4474 629 4524 diluted
640 4491 668 4524 as
679 4479 799 4542 possible,
817 4480 873 4529 that
884 4480 906 4528 it
921 4495 980 4543 may
991 4488 1019 4530 at
1029 4495 1092 4531 once
1103 4481 1170 4544 allay
1182 4481 1259 4530 thirst
1270 4481 1320 4530 and
1331 4487 1377 4530 not

189 4552 293 4604 inflame
303 4558 347 4605 the
359 4555 441 4618 body3
458 4556 516 4606 cold
529 4555 644 4620 bathing,
656 4559 760 4608 roasted
776 4567 855 4625 meat,
874 4561 933 4610 cold
944 4561 1014 4626 food,
1034 4577 1063 4611 or
1074 4563 1131 4612 that
1140 4562 1225 4613 which
1242 4577 1301 4627 may
1312 4563 1375 4613 cool.

184 4635 224 4684 As
231 4637 257 4686 it
268 4637 363 4700 willbe
372 4652 511 4704 necessary
523 4644 550 4692 to
560 4638 623 4692 take
632 4654 704 4692 more
714 4639 796 4709 osten,
807 4657 835 4694 so
846 4643 867 4694 it
877 4644 957 4707 ought
968 4649 995 4694 to
1007 4644 1040 4695 be
1051 4644 1077 4695 in
1087 4644 1159 4694 small
1170 4644 1295 4708 portioris.
