2874 5040
115 229 193 270 car.
211 208 257 296 rc]

115 400 156 439 ex
182 377 301 461 reliqua
329 375 432 438 victus
461 375 682 439 consuetudine
706 397 797 460 quam

113 463 282 525 minimum
297 461 410 524 mutari
426 462 525 524 debet.
550 463 631 525 Cum
646 482 719 524 vero
731 461 798 524 haec

115 549 150 610 in
163 548 249 610 omni
260 547 435 632 pestilentia
445 547 585 610 facienda
597 548 670 623 sint,
683 561 748 610 turn
765 548 798 610 in

115 658 154 697 ea
184 635 329 710 maxime,
360 655 451 717 quam
482 632 594 695 Austri
623 633 797 696 excitarint.

115 723 229 804 Atque
244 720 336 783 etiarn
350 718 617 802 peregrinantibus
628 719 733 782 cadent
746 741 799 781 ne-

116 806 252 868 cessaria
274 817 356 876 sunt,
381 805 434 866 ubi
456 804 543 889 gravi
567 818 703 888 ternpore
725 805 798 866 anni

116 892 326 954 discesserunt
340 913 379 954 ex
395 890 459 952 suis
475 889 609 963 sedibus
633 891 682 951 vel
698 889 750 953 ubi
765 891 798 952 in

116 999 229 1061 graves
243 976 382 1061 regiones
391 988 550 1039 venerunt.
597 977 648 1038 Ac
659 976 684 1038 si
699 989 800 1038 cetera

116 1085 167 1125 res
184 1062 287 1147 aliqua
308 1062 494 1146 prohibebit,
517 1061 624 1146 utique
647 1061 799 1124 abstinere

116 1149 262 1212 debebit:
286 1162 379 1233 atque
393 1147 437 1210 ita
452 1170 470 1210 a
484 1147 557 1210 vino
572 1148 612 1210 ad
626 1169 747 1231 aquam,
760 1148 799 1210 ab

116 1234 177 1297 hac
193 1235 234 1297 ad
245 1234 365 1311 vinum,
377 1256 424 1311 eo,
435 1233 488 1318 qui
504 1255 596 1318 supra
610 1233 728 1316 positus
740 1247 797 1310 est,

116 1321 222 1397 modo,
239 1319 386 1383 transitus
401 1319 429 1382 ei
445 1342 520 1382 esse.

589 1570 843 1612 TRANSLATION.

823 1640 833 1660 s

513 226 636 268 CELSUS
661 225 705 266 DE
730 225 916 268 MEDICINA.

1030 395 1127 436 oan0.

849 456 942 506 mutari
960 472 1035 520 quarn
1059 458 1189 505 minirnutn
1207 473 1240 507 ex
1252 459 1310 507 reli·

849 539 899 586 qua
926 523 1121 570 consuetudine.
1155 523 1224 570 Vero
1251 539 1309 572 cnm

849 588 905 636 ltaec
919 587 968 634 sint
981 588 1100 635 tinnientia
1112 587 1137 635 in
1150 589 1217 635 otnni
1230 589 1310 651 pesti-

849 652 935 709 lentia,
948 661 999 699 tuni
1011 652 1121 700 ninxitne
1135 652 1159 698 in
1173 669 1212 710 ea,
1232 669 1309 716 quam

851 716 937 763 Austri
950 717 1096 765 excitarint.
1131 715 1217 780 Atque
1230 720 1309 766 ctiam

849 781 939 828 eadent
958 789 1017 829 sunt
1030 782 1174 829 necessaria
1194 785 1310 845 peregri·

850 846 980 903 nantibus,
1007 847 1051 894 ubi
1080 847 1254 895 discesserunt
1277 863 1310 896 ex

851 912 901 958 suis
912 910 1017 959 sedibus
1029 911 1102 972 gravi
1113 920 1228 973 tempore
1238 913 1309 974 anni,

850 977 890 1023 vel
911 977 953 1024 ubi
974 983 1100 1024 venerunt
1116 978 1140 1022 in
1161 991 1252 1038 graves
1271 991 1310 1023 re·

850 1041 945 1101 giones.
978 1041 1017 1089 Ac
1029 1041 1049 1088 si
1064 1040 1149 1105 aliqua
1166 1056 1207 1089 res
1225 1042 1310 1103 prohi-

851 1105 923 1153 bebit
933 1114 1030 1166 cetera,
1046 1105 1134 1169 utique
1150 1105 1255 1153 debebit
1266 1106 1311 1154 ab·

850 1172 960 1218 stinere:
984 1178 1062 1234 atque
1082 1171 1118 1218 ita
1140 1171 1164 1219 ei
1187 1172 1310 1220 transitus

850 1251 906 1283 esse
917 1250 932 1283 a
944 1235 1003 1282 vino
1015 1236 1047 1282 ad
1059 1250 1159 1299 aquarn,
1174 1236 1206 1284 ab
1217 1237 1265 1283 hac
1277 1235 1309 1284 ad

851 1301 947 1361 viuum,
959 1300 1084 1360 eomodo,
1102 1302 1144 1364 qni
1157 1308 1196 1348 est
1211 1301 1310 1363 positus

852 1380 939 1428 supra.

118 1704 151 1752 be
162 1701 230 1750 little
242 1715 271 1748 or
283 1712 317 1748 no
327 1699 457 1748 deviation
476 1698 541 1749 from
553 1700 597 1749 tlte
608 1702 683 1749 usual
695 1701 756 1748 diet.
790 1700 843 1749 But
854 1716 881 1750 as
894 1703 965 1750 these
983 1703 1052 1750 rules
1067 1717 1111 1750 are
1128 1703 1274 1766 applicabis
1285 1704 1313 1754 in

117 1786 151 1833 all
164 1781 325 1847 pestilential
338 1783 422 1842 times,
433 1784 494 1845 tltey
504 1789 571 1831 must
583 1782 614 1830 be
625 1797 696 1830 inore
708 1783 808 1846 str'Ictly
821 1783 934 1832 adltered
946 1789 972 1832 to
985 1783 1010 1831 in
1022 1785 1105 1847 those,
1116 1785 1210 1834 caused
1224 1786 1258 1849 by
1270 1788 1313 1836 the

117 1868 194 1916 south
211 1865 303 1914 winds.
345 1865 402 1912 The
420 1879 489 1912 same
511 1866 673 1928 precautions
694 1879 739 1913 arc
759 1879 893 1928 necessary
903 1864 944 1913 for
960 1867 1094 1915 travellers
1107 1867 1164 1915 who
1179 1882 1223 1915 are
1235 1868 1315 1917 about

117 1959 144 2000 to
155 1951 229 1997 leave
241 1948 309 1996 their
320 1945 467 1995 residences
480 1948 505 1994 in
517 1949 561 1995 the
570 1947 651 2010 sickly
662 1961 753 1995 reason
762 1946 792 1995 of
799 1948 843 1996 the
854 1961 925 2010 year,
934 1961 964 1995 or
974 1947 1048 1995 when
1060 1949 1121 2011 they
1132 1949 1199 1996 have
1210 1949 1314 1998 arrived

117 2034 144 2081 in
161 2045 232 2080 some
251 2029 389 2090 unhealthy
407 2029 505 2091 region.
540 2030 594 2079 But
611 2027 634 2076 if
650 2042 699 2091 any
717 2029 904 2078 circumstance
922 2029 987 2077 shall
1004 2029 1116 2091 prohibit
1128 2045 1143 2077 a
1154 2030 1314 2093 compliance

116 2115 181 2163 with
191 2114 226 2162 all
238 2113 311 2161 these
323 2112 419 2174 things,
429 2112 450 2160 it
461 2112 513 2159 will
525 2111 558 2160 be
570 2111 669 2174 strictly
681 2125 818 2173 necessary
830 2110 870 2160 for
883 2126 898 2160 a
909 2124 1000 2173 person
1012 2117 1039 2159 to
1051 2111 1101 2159 live
1113 2111 1314 2176 abstemionsly3

117 2197 169 2245 aad
181 2197 241 2244 that
252 2194 296 2242 the
307 2193 444 2242 transition
461 2207 519 2256 may
534 2192 566 2241 be
581 2194 639 2242 ttius
649 2191 755 2242 z—-frorn
767 2193 834 2242 wine
852 2200 879 2242 to
891 2192 1070 2242 water-from
1087 2194 1138 2242 this
1153 2202 1179 2243 to
1192 2193 1269 2258 wine,
1287 2195 1313 2244 in

117 2280 174 2328 that
184 2291 294 2327 manner
304 2275 387 2324 which
398 2276 444 2325 has
456 2275 521 2324 been
532 2275 649 2324 directed
659 2276 751 2326 above.
