2874 5040
56 221 124 262 nra.
143 199 184 286 1.]
551 216 730 259 raassrro.

56 370 164 448 exiis,
189 391 260 455 quae
280 379 368 431 tanta
382 366 529 430 violentia
549 380 736 452 quaerantur,

56 457 118 520 alia
133 478 198 518 non
213 455 331 539 possint
350 454 474 516 omnino
497 453 649 538 cognosci,
676 451 737 516 alia

56 541 178 627 possint
197 541 288 604 etiam
304 539 369 602 sine
391 539 522 612 scelere„
557 540 638 602 Nam
657 539 738 602 colo-

58 650 134 704 rem,
173 627 329 701 laevorem,
371 625 542 703 mollitiem,
579 624 736 701 duritiem,

59 713 234 797 similiaque
248 711 361 788 omnia,
382 733 444 773 nou
460 733 524 774 esse
540 711 624 787 talia,
640 710 736 772 inciso

59 821 198 883 corpore,
225 796 328 882 qualia
353 796 473 879 integro
498 796 631 859 firerint:
664 795 737 880 quia

59 907 143 961 cum,
166 883 344 968 corporibus
358 881 525 958 inviolatis,
551 882 619 945 baec
634 893 737 945 tamen

59 983 158 1049 metu,
173 970 290 1044 dolore,
306 968 420 1045 inedia,
438 968 599 1044 cruditate,
615 967 737 1030 lassitu-

60 1056 145 1129 dine,
162 1055 247 1118 mille
269 1053 336 1118 aliis
358 1053 562 1117 mediocribus
577 1053 737 1117 affectibus

61 1164 143 1226 saepe
156 1153 334 1212 mutentur;
352 1139 450 1202 multo
464 1139 561 1224 magis
573 1138 738 1202 verisimile

61 1240 118 1305 est,
128 1227 287 1303 interiora,
293 1226 404 1310 quibus
413 1226 510 1311 major
519 1224 672 1296 mollities,
684 1225 739 1287 lux

61 1313 129 1396 ipsa
145 1334 228 1376 nova
250 1313 301 1387 sit,
324 1312 382 1375 sub
402 1311 590 1395 gravissimis
606 1309 739 1373 vulneri-

62 1398 120 1462 bus
140 1411 174 1462 et
194 1397 206 1461 i
229 1421 263 1461 sa
284 1397 487 1461 trucidatione
508 1395 629 1460 mutari.
675 1397 740 1460 Ne-

63 1506 121 1570 que
136 1420 306 1573 quidquam
321 1506 386 1548 esse
397 1481 534 1561 stultius,
546 1504 637 1567 quam
649 1482 739 1567 quale

62 1571 201 1656 quidque
226 1570 298 1633 vivo
311 1569 447 1668 'homine
468 1568 613 1667 est‚·tale
637 1568 740 1631 existi-

63 1678 147 1720 mare
163 1678 229 1720 esse
244 1669 403 1733 monente,
424 1676 517 1717 immo
527 1676 593 1738 yam
608 1667 738 1717 mortuo.

64 1743 147 1806 Nam
159 1753 282 1806 uterum
293 1741 429 1826 quidem,
441 1740 493 1826 qui
509 1741 610 1804 minus
622 1740 661 1803 ad
675 1762 739 1803 rem

62 1828 229 1912 pertineat,
242 1827 376 1912 spirante
385 1826 510 1890 homine
519 1849 606 1911 posse
616 1825 736 1888 diduci:

64 1913 251 1998 simulatque
275 1935 348 1977 vero
369 1912 483 1976 ferrum
508 1913 547 1976 ad
570 1911 739 1995 praecordia

63 1998 205 2076 accessit,
221 2012 252 2062 et
274 1998 434 2062 discissum
451 2011 656 2063 transversum
672 2018 740 2082 sep-

64 2097 131 2148 tum
147 2098 206 2162 est,
218 2085 301 2169 quod
316 2085 490 2149 membrana
504 2084 635 2169 quadam
651 2105 740 2167 supe-

63 2171 159 2235 riores
188 2185 291 2255 partes
327 2170 365 2234 ab
394 2169 587 2234 inferioribus
620 2168 739 2232 diducit

66 2253 252 2342 (διάφραγμα
289 2254 393 2320 Graeci
424 2260 549 2339 vocant)
583 2253 739 2319 homiuem

63 2344 205 2427 protinus
227 2342 360 2407 animam
382 2343 540 2406 amittere:
563 2342 609 2407 ita
627 2342 740 2404 mortui

64 2430 191 2493 demum
217 2428 387 2512 praecordia
411 2441 442 2492 et
464 2427 566 2492 viscus
595 2450 685 2492 omne
706 2426 740 2490 iu

64 2529 265 2601 conspectum
293 2514 504 2579 latrocinantis
532 2515 643 2578 medici
672 2513 740 2578 dari

64 2623 188 2667 necesse
210 2612 257 2665 est
278 2601 350 2678 tale,
373 2601 463 2686 quale
477 2601 590 2663 mortui
605 2601 655 2678 sit,
677 2623 740 2663 non

28 2751 33 2765 ,
64 2688 156 2772 quale
170 2687 236 2751 vivi
249 2686 318 2750 fuit.
361 2688 472 2770 Itaque
487 2687 629 2771 consequi
645 2687 741 2750 medi-

64 2795 135 2837 cum
161 2785 199 2838 ut
222 2773 377 2837 homiuem
407 2772 572 2836 crudeliter
593 2773 737 2856 jugulet;

1211 197 1253 260 13

789 457 877 499 rantur
894 457 966 501 tauta
979 453 1111 513 violentia,
1129 453 1180 502 alia
1200 468 1252 504 uon

789 517 887 580 possint
913 519 1032 576 cognosci
1061 519 1173 580 omuino,
1200 520 1251 567 alia

788 582 885 643 possint
898 583 974 630 etiam
985 583 1039 630 sinc
1051 585 1159 632 scelere.
1183 583 1250 633 Naar

788 648 909 705 colorem,
944 646 1073 705 levorem,
1109 648 1251 705 mollitiem,

788 710 918 769 duritiem,
931 726 980 774 que
989 713 1071 760 omitia
1084 713 1187 768 similia,
1199 728 1249 762 nou

788 789 844 824 esse
862 776 923 824 talla
940 791 1047 838 corpor-e
1061 778 1151 838 inciso,
1163 781 1250 841 qualia

787 840 884 890 fuerint
896 841 1010 901 integr03
1027 844 1086 905 quia
1106 843 1171 902 haec,
1190 859 1249 892 cuur

788 905 1249 972 inviolatiscorporibus‚tan1ensaepe

787 980 918 1018 mutentur
935 977 1014 1031 metu,
1035 973 1131 1030 dolore,
1153 972 1249 1033 inedia,

787 1035 926 1095 cruditate,
937 1036 1096 1100 lassitudine,
1111 1038 1178 1085 mille
1192 1040 1249 1086 aliis

788 1099 960 1148 mediocribus
970 1098 1120 1160 affectibus3
1133 1110 1173 1149 est
1186 1104 1248 1151 mul-

789 1172 816 1212 to
843 1165 924 1228 magis
948 1166 1105 1224 verisimile*
1119 1167 1250 1226 interiora,

789 1229 880 1293 qulbus
899 1230 978 1293 major
989 1232 1118 1291 mollities,
1136 1233 1178 1279 lux
1193 1233 1250 1294 ipsu

789 1296 822 1343 sit
834 1310 909 1352 nova,
924 1297 1016 1343 mutari
1033 1296 1079 1344 sub
1092 1298 1250 1358 gravissimis

790 1360 936 1408 vulneribus
954 1369 980 1408 et
998 1362 1168 1410 trucidatione
1183 1364 1248 1424 ipsa.

790 1423 883 1488 Neque
901 1425 1039 1489 quidquam
1062 1442 1119 1475 esse
1138 1428 1249 1488 stultius,

790 1504 864 1552 quarn
888 1491 1034 1538 existimare
1056 1492 1170 1556 quidque
1192 1508 1249 1540 esse

791 1555 842 1602 tale
852 1555 985 1613 moriente,
994 1557 1070 1604 immo
1075 1558 1130 1620 jaur
1139 1568 1250 1618 mortuo,

791 1621 866 1682 quale
892 1626 931 1667 est
954 1621 1012 1668 vivo
1038 1622 1146 1670 homine.
1181 1623 1249 1671 Nam

790 1685 893 1746 quidem
910 1692 1020 1743 uterum,
1037 1687 1249 1751 quimiuuspe1··

790 1749 872 1797 tineat
883 1750 915 1796 ad
929 1764 990 1809 rem,
1008 1766 1083 1814 posse
1095 1752 1181 1800 diduci
1198 1753 1250 1813 spi·

790 1821 863 1862 rante
876 1815 991 1864 bomine:
1010 1831 1069 1865 vero
1087 1823 1163 1880 atque
1175 1817 1249 1866 simul

788 1876 884 1926 ferrum
897 1880 1005 1928 accessit
1017 1881 1049 1927 ad
1060 1882 1211 1944 praecordia,
1221 1889 1249 1931 et

788 1948 963 1992 transversum
980 1953 1081 2007 septum
1099 1955 1139 1993 est
1160 1947 1248 1994 ‹liscis-

788 2021 854 2068 sum,
879 2009 945 2072 quod
969 2010 1079 2072 quadam
1100 2012 1249 2060 membrana

788 2072 888 2121 diducit
900 2074 1044 2135 superiores
1056 2081 1143 2137 partes
1160 2077 1193 2122 ab
1210 2077 1248 2124 iu-

788 2135 926 2186 ferioribus
934 2138 1031 2203 (Graeci
1039 2146 1128 2187 vocant
1138 2137 1248 2206 διάφραγ-

788 2207 836 2264 ps)
853 2204 979 2251 homiuem
999 2205 1112 2266 protinus
1129 2209 1247 2255 amittere

788 2268 916 2316 animum:
936 2269 972 2316 ita
984 2269 1127 2331 praecordia
1136 2275 1162 2315 et
1173 2285 1249 2319 ornne

790 2334 876 2381 viscus
899 2334 992 2382 mortni
1014 2334 1116 2382 demum
1138 2334 1194 2383 dari
1222 2337 1249 2384 iu

790 2407 956 2462 conspectum
969 2399 1141 2448 latrocinantis
1153 2400 1248 2449 medici

790 2469 829 2511 est
838 2477 943 2512 neeesse
953 2464 1013 2521 tale,
1022 2464 1096 2527 quale
1105 2465 1138 2512 sit
1146 2467 1249 2527 mortui,

791 2542 839 2576 non
852 2530 926 2592 quale
938 2527 988 2577 fuit
997 2529 1058 2578 vivi.
1093 2528 1185 2593 Itaque
1197 2545 1249 2578 me·

790 2592 876 2640 dicum
888 2596 1008 2658 consequi
1025 2595 1152 2643 homiuem
1169 2605 1197 2643 ut
1207 2596 1251 2658 ju·

791 2660 861 2719 gulet
882 2658 1037 2716 crudeliter;
1058 2674 1107 2710 uon
1131 2667 1158 2707 ut
1175 2661 1250 2721 sciat,

790 2723 891 2771 viscera
919 2724 1003 2786 qualia
1027 2725 1163 2774 habeamus
1186 2726 1248 2774 vivi.

790 2787 889 2836 Tamen
907 2789 928 2837 si
945 2789 1006 2852 quid
1024 2790 1067 2853 sit,
1082 2789 1149 2854 quod
1166 2790 1251 2840 adhuc

64 2879 125 2922 non
140 2873 179 2924 ut
193 2859 279 2936 sciat,
295 2858 398 2946 qualia
412 2857 476 2921 vivi
492 2857 607 2922 viscera
628 2858 740 2922 habea-

64 2966 143 3012 mus.
189 2945 225 3010 Si
245 2944 322 3031 quid
337 2958 440 3010 tamen
458 2943 509 3023 sit,
534 2943 617 3029 quod
638 2943 740 3009 adbuc

538 3101 791 3147 TRANSLATION.

65 3191 126 3241 with
137 3204 166 3239 so
176 3191 253 3240 mach
262 3191 373 3256 crnelty,
387 3196 482 3240 cannot
491 3189 525 3240 be
536 3190 630 3240 known
642 3197 670 3240 at
680 3190 723 3252 all,
732 3191 817 3252 whilst
826 3191 912 3241 others
923 3206 982 3254 may
993 3190 1026 3241 be
1038 3193 1174 3244 examined
1185 3209 1249 3244 eveu

65 3273 175 3323 without
186 3287 236 3336 any
248 3274 379 3335 violenee;
391 3272 431 3322 for
442 3273 486 3323 the
498 3273 595 3335 colunt,
604 3271 899 3336 smootbness,soilness‚
908 3273 1043 3334 hardness,
1053 3274 1103 3323 aud
1116 3278 1177 3326 such
1189 3278 1251 3338 like,

64 3369 107 3404 are
119 3356 221 3404 nottho
232 3369 301 3404 same
313 3355 338 3404 in
351 3353 504 3404 awounded
515 3353 592 3419 body,
610 3367 638 3404 as
657 3355 718 3419 they
729 3368 797 3404 were
817 3355 842 3403 in
859 3370 874 3403 a
886 3355 984 3416 souud;
1002 3355 1121 3420 because,
1138 3372 1203 3409 even
1223 3360 1250 3409 in

66 3436 156 3487 bodies
174 3437 232 3487 that
249 3438 314 3486 have
334 3437 455 3486 received
474 3451 507 3486 uo
519 3436 644 3499 violence,
659 3443 704 3500 yet
723 3437 795 3486 these
812 3436 930 3502 qualities
947 3452 991 3486 are
1002 3437 1073 3487 often
1087 3440 1204 3504 changed
1216 3441 1251 3506 by

66 3517 130 3580 lear,
140 3518 219 3582 grief,
234 3519 342 3582 hunger,
355 3518 518 3582 indigestion,
529 3518 661 3579 lassitnde,
677 3518 727 3567 and
739 3533 755 3567 a
766 3519 892 3568 thousand
909 3520 983 3569 other
994 3518 1090 3584 trilliug
1101 3519 1251 3586 affections;

66 3603 115 3652 aad
133 3602 156 3652 it
167 3602 188 3650 is
205 3602 281 3650 much
292 3616 361 3652 more
374 3600 505 3665 probable,
515 3601 571 3650 that
582 3601 626 3650 the
638 3600 748 3650 iuternal
759 3608 831 3664 parts
842 3600 920 3664 being
931 3616 993 3665 very
1005 3602 1097 3651 tender
1108 3605 1158 3653 and
1168 3620 1251 3656 never

65 3684 190 3749 exposed,
201 3698 267 3734 even
278 3683 321 3733 tbe
332 3683 396 3747 light
407 3681 481 3732 itself
487 3683 569 3748 might
580 3680 658 3732 effect
669 3698 684 3732 a
695 3684 793 3746 change
802 3683 836 3747 by
846 3697 935 3733 severe
944 3683 1081 3748 wounding
1092 3686 1142 3734 and
1153 3688 1250 3737 lacera·

66 3767 127 3816 tion.
163 3765 219 3815 Nor
229 3780 277 3815 can
289 3781 338 3828 any
350 3765 423 3827 thing
436 3765 468 3815 be
479 3780 548 3815 more
559 3765 664 3828 absurd,
676 3767 737 3815 than
749 3771 775 3815 to
786 3780 898 3830 suppose
909 3765 953 3816 the
964 3772 1024 3829 part
1039 3771 1066 3814 to
1076 3767 1110 3817 be
1121 3767 1164 3815 the
1181 3782 1251 3818 same

64 3849 88 3898 in
99 3864 115 3898 a
126 3847 210 3913 dying
220 3862 289 3910 man,
298 3862 359 3912 nay,
371 3847 475 3910 already
484 3847 560 3910 dead,
572 3863 599 3897 aa
610 3848 631 3897 it
642 3849 664 3899 is
674 3849 700 3897 in
713 3863 728 3896 a
740 3848 818 3910 living
830 3862 939 3910 person:
953 3848 996 3898 the
1007 3847 1182 3913 abdomen(9)
1192 3865 1250 3913 may

65 3931 96 3982 be
107 3931 162 3983 laid
173 3944 251 3994 open,
266 3929 287 3980 it
302 3928 324 3978 is
334 3935 401 3990 true,
418 3943 484 3978 even
497 3930 571 3978 while
587 3931 631 3980 the
649 3945 708 3979 man
722 3929 744 3978 is
762 3928 895 3991 breathiug
906 3928 1004 3995 (which
1016 3930 1078 3980 does
1094 3937 1140 3980 not
1149 3932 1251 3995 strictly

65 4013 126 4063 bear
136 4028 171 4062 on
181 4013 226 4062 tbe
237 4009 324 4072 ease);
334 4009 380 4059 but
392 4025 420 4059 as
431 4025 492 4060 soon
504 4025 532 4060 as
543 4013 586 4060 the
598 4011 669 4062 knife
681 4012 728 4061 has
740 4011 904 4076 approacbed
915 4012 959 4061 the
972 4012 1115 4075 praecordia
1121 4011 1187 4078 (10),
1198 4013 1250 4062 and

65 4097 107 4146 tbe
119 4103 268 4146 transverse
284 4098 385 4157 septum
396 4091 419 4142 is
430 4092 547 4156 divided,
558 4094 642 4143 which
654 4100 786 4157 separates
804 4093 847 4143 the
864 4095 980 4158 superior
990 4093 1055 4144 from
1071 4094 1116 4143 the
1133 4094 1250 4157 inferior,

63 4176 162 4242 (which
178 4177 222 4226 the
240 4174 342 4225 Greeks
358 4174 409 4224 eall
425 4173 595 4240 diaphragm)
612 4176 657 4226 the
674 4191 733 4225 man
749 4176 921 4240 immediately
940 4177 1056 4241 expires3
1081 4183 1250 4241 consequent·
1269 4200 1270 4203 ¹

64 4261 98 4324 ly,
114 4261 158 4309 the
179 4257 334 4323 praecordia,
356 4256 407 4305 aud
428 4257 462 4306 all
483 4257 527 4306 the
547 4258 655 4321 viscera,
676 4262 780 4321 present
804 4259 847 4306 the
872 4272 941 4308 same
960 4272 1135 4322 appearanees
1155 4265 1183 4308 to
1205 4260 1249 4309 the

64 4342 242 4406 slaughterlng
252 4337 385 4402 physician
396 4352 425 4387 as
443 4339 516 4388 ibose
535 4337 565 4388 os
579 4354 594 4387 a
610 4339 677 4388 dead
688 4353 790 4403 person,
804 4345 849 4387 not
858 4342 920 4389 such
933 4355 960 4390 as
977 4342 1039 4403 they
1051 4354 1118 4389 were
1129 4341 1205 4390 while
1216 4343 1249 4391 he

64 4423 149 4486 lived;
167 4419 298 4473 therefore
314 4422 357 4471 the
368 4420 427 4484 only
438 4419 525 4484 object
536 4421 650 4471 attained
663 4421 695 4484 by
707 4421 751 4470 the
762 4421 894 4484 physician
910 4421 932 4470 is
951 4423 1008 4471 that
1025 4421 1056 4470 of
1069 4422 1217 4488 murdering
1233 4438 1250 4474 a

65 4520 122 4556 man
133 4504 245 4568 amelly,
259 4507 305 4552 not
315 4504 372 4552 that
381 4503 415 4551 he
426 4517 474 4552 can
484 4518 547 4552 ever
557 4502 687 4553 ascertain
703 4503 771 4552 their
782 4510 874 4552 nature
890 4503 941 4553 and
952 4501 1081 4553 functione
1091 4519 1120 4553 as
1131 4519 1172 4555 we
1183 4507 1249 4555 bave

66 4588 132 4639 them
142 4587 168 4637 in
179 4584 240 4638 lile:
255 4590 301 4650 yet
310 4583 335 4636 is
342 4585 415 4636 there
426 4599 483 4650 may
493 4585 526 4637 be
537 4599 587 4650 any
599 4584 752 4649 interesting
762 4585 922 4651 phenomena
932 4590 959 4636 to
970 4585 1003 4636 he
1019 4585 1156 4651 subjected
1166 4592 1194 4639 to
1204 4587 1249 4639 the
