2874 5040
171 218 194 291 8
579 238 677 285 cnust
699 237 745 282 na
767 231 946 281 unnrcrua

171 393 387 460 Necessarium
400 413 475 479 ergo
488 411 565 471 esse,
576 390 711 456 incidere
721 390 848 487 corpqra

170 494 372 560 mortuomm,
384 495 549 565 eorumque
563 477 680 541 viscera
694 486 786 559 atque
799 494 849 537 m·

170 567 284 632 testina
309 567 457 641 scrutari;
483 565 635 650 longeque
660 560 776 645 optime
799 558 845 657 fe:

168 651 247 717 cisse
262 652 470 739 Herophilum
488 663 520 715 et
541 648 776 722 Erasistratum,
791 665 845 730 qm

167 752 312 804 nocentes
325 738 476 816 homines,
492 734 647 820 aregibus
669 755 708 797 ex
726 752 846 828 carcere

167 817 845 909 acceptos,vivosinciderint,considerar1nt·

167 929 239 994 quc,
261 911 429 975 etiamnum
453 906 564 992 spiritu
584 914 772 979 remanente,
794 923 842 978 ca,

166 1015 237 1079 quae
257 1009 368 1061 natura
392 1008 463 1060 ante
488 991 657 1068 clausisset,
677 1009 842 1086 eorumque

165 1081 312 1164 positum,
328 1081 471 1159 colorem,
493 1077 635 1162 figuram,
654 1074 842 1158 magnitudi-

165 1186 249 1244 nem,
264 1168 413 1242 ordinem,
429 1164 585 1241 duritiem,
601 1160 776 1258 mollitiem,
787 1160 842 1223 lae·

165 1268 281 1331 vorem,
311 1263 507 1323 contactum
542 1269 700 1334 processus
728 1246 841 1310 demde

112 1374 115 1381 ,
164 1335 356 1437 singulorum
372 1349 404 1402 et
418 1356 564 1412 recessus,
579 1347 611 1399 et
625 1333 690 1396 sive
704 1330 779 1417 quid
794 1332 842 1394 in-

164 1437 276 1488 sentm
289 1424 389 1502 alteri,
405 1423 470 1487 sive
484 1421 560 1507 quid
581 1432 698 1504 partem
715 1418 840 1482 alterius

163 1506 198 1571 in
212 1532 245 1574 se
258 1509 377 1608 recipit.
421 1509 531 1593 Neque
553 1507 646 1582 enirn,
662 1525 732 1568 cum
753 1503 840 1567 dolor

162 1592 248 1660 intus
273 1595 397 1675 incrdit,
420 1593 496 1659 scire
515 1592 590 1677 quid
613 1591 727 1666 doleat,
754 1611 838 1667 eum,

161 1680 216 1764 qui
237 1703 298 1767 qua
321 1693 408 1766 parte
429 1678 573 1766 quodque
595 1676 696 1740 viscus
719 1675 839 1739 intesti-

161 1785 276 1831 numve
298 1767 349 1845 eit,
364 1787 426 1831 uon
450 1762 644 1850 cognoverit:
668 1776 767 1846 neque
786 1784 837 1825 cu-

161 1851 222 1915 rari
243 1853 277 1917 id
298 1852 381 1940 quod
406 1870 523 1936 aegrum
545 1861 602 1927 est,
615 1870 707 1999 Nosse
729 1847 768 1911 ab
789 1869 836 1926 eo,

160 1936 226 2022 qui,
252 1939 328 2024 quid
354 1938 405 2017 sit,
430 1938 561 2022 ignoret.
648 1946 661 1997 t
688 1954 757 1997 cum
781 1955 837 2018 per

160 2024 273 2088 vulnus
298 2024 429 2112 alicujus
443 2022 561 2087 viscera
577 2019 730 2105 patefacta
752 2032 834 2117 sunt,

159 2129 242 2191 eum,
257 2111 311 2196 qui
325 2133 409 2175 same
430 2108 579 2194 cujusque
594 2106 724 2170 colorem
739 2118 835 2190 partis

157 2190 290 2279 ignoret,
315 2196 432 2261 nescire
461 2194 537 2280 quid
564 2193 730 2276 integrum,
759 2190 836 2288 quid

157 2294 335 2367 corruptum
358 2283 416 2356 sit;
440 2281 486 2344 ita
509 2302 549 2344 ne
574 2299 748 2342 succurrere
766 2297 835 2361 qm-

157 2366 228 2430 dem
251 2389 341 2452 posse
368 2365 528 2450 corruptis.
572 2362 753 2460 Aptiusque
781 2384 834 2460 ex·

156 2451 306 2517 trinsecus
320 2453 437 2539 imponi
451 2451 596 2531 remedia,
608 2460 771 2533 compertrs
785 2470 834 2511 rn-

87 2565 89 2571 ’
156 2537 302 2601 teriorum
317 2552 348 2603 et
363 2539 487 2602 sedibus
509 2551 540 2602 et
561 2535 679 2621 figuris,
695 2533 832 2618 cognita·

1238 212 1322 309 [ars.
1339 236 1367 291 n

1076 403 1175 447 ORDO·
1244 398 1247 402 ¹

898 464 992 515 tarium
1002 463 1118 514 incidere
1129 481 1239 543 corpora
1250 473 1367 519 monuo·

898 545 964 588 rom,
980 543 1031 594 qne
1048 540 1159 580 scrutari
1171 531 1272 583 viscera
1283 541 1366 598 atque

895 595 1018 645 intestina
1043 610 1149 656 eornm3
1177 611 1228 662 que
1253 597 1365 662 (propo-

895 661 972 724 nunt)
989 659 1159 723 Herophilum
1176 671 1204 711 et
1221 663 1366 713 Erasistra·

895 732 950 776 tum
960 724 1054 774 fecisse
1066 722 1142 789 louge
1155 727 1252 790 optime
1269 729 1311 794 qni
1326 729 1364 778 in-

895 789 1007 839 ciderint
1016 789 1129 838 homines
1141 799 1264 842 nocentes
1279 793 1362 855 visos,

893 861 1016 918 acceptos
1034 851 1050 903 t
1067 853 1179 918 regibus,
1191 870 1223 904 ex
1244 872 1362 921 carcere,

893 934 944 983 qne
955 919 1143 969 considerarim
1152 919 1293 971 etiamnum
1305 923 1361 986 spi·

892 984 945 1034 ritu
961 993 1117 1046 remanente,
1135 999 1175 1043 ea,
1188 1001 1248 1050 quar
1264 995 1362 1038 natura

891 1049 1028 1100 clausisset
1044 1058 1114 1109 ante,
1124 1064 1175 1114 que
1193 1052 1304 1114 positum
1315 1068 1361 1103 eo·

892 1127 955 1176 rum,
966 1114 1085 1172 colorem,
1102 1113 1218 1177 figuram,
1229 1118 1361 1180 magnitu-

891 1177 987 1242 dinem,
999 1178 1125 1237 ordinem,
1136 1179 1266 1240 duritiem,
1277 1184 1360 1232 molli-

892 1243 964 1304 tiem,
981 1246 1111 1306 lmvorem,
1131 1253 1295 1308 contactum
1313 1248 1360 1298 de·

891 1306 951 1357 inde
962 1323 1097 1372 processus
1106 1316 1132 1358 et
1145 1324 1261 1360 recessus
1270 1313 1360 1375 singu·

891 1372 983 1435 lorum,
995 1381 1022 1423 et
1039 1374 1092 1422 aive
1110 1373 1170 1438 quid
1188 1376 1309 1426 inseritur
1320 1379 1358 1427 al·

889 1440 952 1500 teri,
961 1439 1016 1487 aive
1027 1438 1089 1503 quid
1104 1439 1197 1502 recipit
1207 1447 1307 1502 partem
1320 1445 1359 1492 ai-

890 1504 970 1551 terius
979 1503 1005 1552 iu
1016 1518 1052 1553 se.
1081 1503 1158 1552 Enim
1167 1519 1225 1553 cum
1235 1505 1308 1556 dolor
1317 1508 1358 1556 in·

890 1567 963 1631 cidit,
975 1583 1057 1633 neque
1075 1585 1133 1618 eum
1151 1569 1216 1618 scire
1235 1572 1296 1634 quid
1309 1572 1357 1623 do-

889 1632 951 1691 leat,
978 1633 1022 1698 qui
1045 1649 1096 1682 non
1118 1636 1278 1697 cognoverit,
1303 1637 1356 1700 quia

889 1704 964 1760 parte
976 1697 1096 1761 quodque
1109 1697 1194 1747 viscus
1207 1714 1238 1748 ve
1255 1701 1358 1753 intesti-

889 1776 949 1810 num
962 1763 1003 1812 sit.
1036 1764 1130 1827 Neque
1142 1764 1167 1812 id
1184 1764 1251 1827 qnod
1264 1773 1306 1815 est
1318 1783 1355 1817 se·

888 1841 971 1903 grum,
994 1842 1068 1891 posse
1089 1827 1174 1878 curari
1193 1829 1226 1878 ab
1243 1845 1285 1892 eo,
1307 1834 1354 1896 qui

888 1901 988 1952 ignoret
999 1892 1060 1957 qnid
1072 1893 1114 1942 sit.
1139 1894 1173 1943 Et
1184 1908 1242 1942 cum
1252 1894 1353 1947 viscera

886 1956 993 2021 alicujus
1010 1965 1071 2006 suut
1087 1957 1219 2022 patefacta
1237 1974 1286 2023 per
1297 1963 1353 2010 vui·

886 2035 944 2082 nus,
966 2037 1035 2086 enm,
1054 2023 1098 2088 qui
1119 2024 1222 2086 ignoret
1239 2027 1352 2076 colorem

886 2087 1010 2152 cujusque
1036 2103 1106 2137 sanae
1133 2089 1223 2151 partis,
1248 2092 1352 2142 nescire

886 2151 946 2213 quid
964 2155 998 2201 sit
1015 2152 1152 2216 integrum,
1163 2153 1225 2217 qnid
1243 2169 1351 2220 conup-

884 2221 939 2265 tmn
949 2232 956 2276 ;
968 2217 1004 2266 ita
1016 2217 1153 2294 nequidem
1162 2233 1237 2281 posse
1246 2234 1351 2270 succur-

885 2295 942 2330 rere
949 2291 1091 2346 corruptis:
1105 2284 1163 2334 Que
1173 2283 1260 2346 aptius
1269 2301 1350 2334 reme·

883 2346 1349 2411 diaimponiextrinsecus,etsedilrus

883 2418 911 2459 et
927 2410 1016 2474 figuris
1032 2411 1181 2461 interiorum
1198 2417 1349 2477 compertis,

883 2482 911 2524 et
929 2491 1018 2526 eornm
1034 2476 1209 2539 magnitudine
1226 2481 1348 2542 cognita:

881 2555 932 2605 que
943 2543 1029 2592 omnia
1044 2557 1103 2606 quae
1120 2549 1180 2590 suut
1195 2545 1291 2606 posita,
1303 2545 1348 2594 ha·

885 2606 946 2656 bere
968 2607 1064 2656 similes
1087 2608 1209 2656 rationes.
1255 2609 1348 2675 Neque

883 2685 940 2721 esse
952 2673 1066 2732 crudele,
1077 2672 1145 2720 sicut
1161 2672 1277 2737 plerique
1290 2689 1348 2738 pro·

883 2743 992 2799 ponunt,
1012 2736 1093 2801 quaeri
1107 2737 1231 2798 remedia,
1248 2740 1347 2802 suppli-

882 2801 928 2852 ciis
944 2803 1075 2852 bominum
1090 2804 1248 2866 nocentium,
1259 2811 1286 2853 et
1302 2806 1347 2855 ho·

155 2642 215 2707 que
251 2646 355 2690 eorum
391 2623 623 2709 magnitudine:
659 2619 833 2704 similesque

153 2709 258 2774 omnia
268 2732 349 2795 quae,
358 2710 458 2795 posita
471 2722 556 2786 sunt,
567 2708 700 2772 rationes
709 2706 831 2771 habere.

154 2795 266 2879 Neque
280 2819 346 2861 esse
360 2796 495 2877 crudele,
518 2795 597 2858 sicut
611 2792 750 2879 plerique
762 2814 833 2877 pro-

80 2880 83 2886 ’
152 2894 284 2964 ponunt,
299 2882 459 2946 hominurn
473 2879 661 2953 nocentium,
674 2891 705 2942 et
720 2877 831 2941 horurn

152 2987 274 3052 quoque
299 2990 479 3053 paucorum,
508 2964 669 3050 suppliciis
697 2964 832 3028 remedia

626 3122 881 3166 Tunmsuartom.

149 3186 183 3251 be
200 3203 333 3266 ignorant:
350 3205 433 3253 hence
445 3206 488 3254 the
506 3202 633 3266 necessity
645 3201 676 3250 of
689 3201 830 3263 dissecting
846 3204 891 3251 the
910 3202 998 3253 bodies
1015 3202 1046 3254 of
1060 3205 1103 3254 the
1120 3205 1197 3268 dead,
1214 3208 1265 3256 and
1283 3223 1344 3258 exa·

149 3284 245 3347 mining
255 3301 317 3343 very
330 3286 456 3349 minutely
467 3287 533 3335 their
545 3285 643 3334 viscera
655 3284 705 3333 and
717 3283 860 3334 intestines.

181 3364 238 3413 The
255 3367 314 3429 plan
326 3366 438 3431 adopted
457 3367 490 3430 by
503 3367 659 3431 Herophilus
678 3367 727 3415 and
748 3367 916 3416 Erasistratus
929 3382 982 3416 was
993 3370 1068 3418 much
1087 3370 1218 3432 approved
1237 3370 1273 3432 of,
1286 3373 1342 3421 who

148 3445 268 3496 obtained
281 3447 313 3512 by
325 3450 396 3512 royal
413 3449 484 3499 edict
501 3450 629 3499 criminals
646 3456 691 3498 out
711 3447 740 3497 of
757 3449 842 3512 prison
861 3447 901 3497 for
918 3449 1068 3512 dissection,
1078 3450 1153 3513 alive,
1164 3451 1215 3499 and
1227 3461 1342 3502 contem-

148 3528 237 3592 plated
249 3543 314 3580 even
325 3531 400 3580 while
411 3531 471 3594 they
485 3529 619 3592 breathed,
629 3532 701 3581 those
718 3537 790 3595 parta
803 3531 886 3580 which
906 3538 999 3580 nature
1017 3533 1067 3582 had
1091 3532 1179 3582 before
1191 3536 1343 3597 conceaied,

147 3611 211 3659 with
231 3611 299 3660 their
318 3613 425 3662 relative
447 3613 567 3676 position,
587 3613 684 3675 colour,
708 3611 800 3676 figure,
820 3614 978 3675 magnitude,
995 3622 1186 3678 arrangement,
1207 3615 1342 3678 hardness,

147 3690 266 3754 softuess,
277 3695 446 3758 smoothness,
465 3695 516 3744 and
534 3695 678 3744 connexion
689 3693 730 3760 (t)
737 3713 745 3757 ;
764 3694 817 3743 also
830 3696 874 3743 the
886 3710 1019 3759 processes
1031 3696 1082 3744 and
1094 3711 1209 3746 recesset
1226 3697 1257 3745 of
1269 3700 1343 3759 each,

146 3773 263 3823 whether
273 3789 322 3838 any
333 3790 382 3826 one
394 3785 454 3840 part
471 3778 493 3827 is
513 3776 627 3826 inserted
643 3777 698 3826 into
715 3778 834 3839 another,
845 3792 874 3827 or
886 3778 1002 3826 whether
1018 3777 1039 3826 it
1055 3778 1171 3828 receives
1181 3786 1242 3842 part
1252 3779 1284 3829 of
1296 3796 1341 3830 an-

144 3855 219 3904 other
236 3856 291 3906 into
307 3857 385 3908 itseif.
419 3860 469 3909 For
481 3860 555 3908 when
572 3861 645 3908 there
662 3859 779 3921 happens
798 3867 825 3908 to
845 3859 878 3908 be
898 3874 968 3909 some
985 3860 1096 3908 internal
1113 3860 1183 3923 pain,
1194 3861 1227 3909 he
1244 3871 1342 3913 cannot

144 3936 221 3987 know
244 3938 314 3989 what
332 3939 436 4004 suffers,
459 3939 483 3990 if
502 3941 535 3990 he
557 3940 589 3989 be
608 3940 728 4003 ignorant
745 3940 775 3989 of
789 3942 833 3990 the
851 3941 973 3989 situation
991 3940 1023 3988 of
1043 3942 1106 3990 each
1127 3942 1211 3991 viscus
1227 3945 1278 3992 aud
1301 3946 1340 3993 in-

144 4018 258 4080 testine3
275 4035 321 4068 nor
332 4036 381 4071 can
393 4024 437 4071 the
449 4031 508 4086 part
520 4022 603 4071 which
622 4021 643 4072 is
664 4020 784 4072 diseased
806 4022 937 4081 hecured
956 4021 990 4085 by
1003 4021 1054 4071 him
1068 4023 1123 4072 who
1141 4024 1162 4072 is
1179 4025 1300 4087 ignorant
1312 4027 1343 4076 of

143 4099 213 4148 what
224 4101 349 4163 partitis
360 4121 367 4164 ς
383 4104 434 4152 and
447 4105 537 4154 should
549 4105 594 4153 the
607 4102 707 4152 viscera
718 4104 749 4154 of
760 4119 810 4168 any
822 4118 916 4169 person
929 4103 960 4153 be
972 4103 1024 4152 laid
1035 4119 1103 4167 open
1116 4103 1149 4169 by
1162 4120 1177 4154 a
1188 4108 1293 4169 wound‚
1304 4110 1338 4157 he

142 4181 199 4230 who
209 4180 231 4230 is
242 4181 361 4246 ignorant
372 4183 403 4234 of
410 4186 454 4235 the
463 4187 551 4236 colour
561 4184 592 4232 of
600 4185 663 4234 each
675 4186 777 4250 heaithy
789 4193 928 4246 structure,
938 4192 1032 4234 cannot
1045 4185 1201 4235 ituowavhat
1211 4188 1233 4235 is
1245 4189 1338 4253 souud,

43 4290 52 4311 .
142 4262 212 4316 uitat
230 4264 252 4313 is
273 4265 373 4316 morbid
384 4284 392 4327 3
409 4265 547 4326 therefore,
565 4281 614 4315 cau
634 4268 729 4317 render
747 4283 779 4316 uo
799 4266 941 4317 assistance
961 4267 987 4315 iu
1008 4267 1051 4316 the
1071 4267 1186 4317 disease:
1203 4270 1254 4318 aud
1274 4272 1336 4335 they

140 4341 265 4393 maintain
277 4347 332 4396 that
350 4349 466 4397 externai
487 4347 612 4405 remedies
635 4363 679 4397 are
698 4364 768 4397 more
788 4350 908 4414 properly
920 4347 1036 4411 applied,
1048 4349 1121 4398 when
1141 4353 1184 4398 the
1201 4351 1336 4416 situation,

140 4430 278 4484 structure,
288 4429 338 4476 and
350 4429 509 4493 magnitude,
518 4428 550 4478 oi
556 4430 600 4479 the
612 4429 721 4481 interior
733 4440 805 4494 parts
816 4446 860 4480 ate
872 4429 1031 4479 ascertained
1042 4448 1049 4490 ,²
1060 4431 1109 4480 and
1123 4433 1165 4481 the
1177 4447 1247 4482 same
1259 4448 1335 4498 argu-

140 4512 211 4555 ment
223 4505 246 4561 it
257 4509 404 4574 applicabis
423 4511 451 4563 in
471 4511 504 4562 aii
524 4511 597 4562 those
617 4527 690 4563 cases
710 4513 816 4576 already
832 4513 989 4590 mentioned.
1022 4512 1133 4565 Neither
1151 4516 1241 4568 should
1262 4517 1283 4566 it
1300 4517 1334 4568 be
