2874 5040
172 206 215 274 36
571 226 693 271 causus
717 226 762 269 ns
786 207 971 270 uumerus:

159 333 387 447 'adhibeantur
431 379 518 460 Ergo
532 375 585 440 ille
599 397 719 461 quoque
733 377 810 462 ipse,
822 377 862 440 si‘

175 468 253 552 quid
270 467 336 552 jam
359 477 536 547 corruptum
557 477 647 540 esset,
670 463 782 546 expelli
796 463 850 527 de·

175 555 246 618 bere
258 551 412 616 confessus
426 562 491 613 est:
515 548 559 612 ita
581 570 643 611 non
658 570 697 611 ex
716 561 781 612 toto
801 571 850 612 res

177 637 408 704 condemnanda
421 648 476 699 est.
523 635 586 698 Sed
600 656 665 697 esse
677 634 742 719 ejus
757 636 850 699 etiam

175 725 280 810 plures
291 745 391 787 causae
401 733 544 806 possunt:
561 732 667 805 estque
677 719 710 781 in
721 743 757 783 ea
768 743 851 804 quae·

176 813 247 875 dam
270 809 362 895 paulo
395 807 535 870 subtilior
564 804 736 869 observatio
764 806 848 868 adhi-

176 898 286 962 benda.
309 894 451 958 Vomitus
462 892 567 956 utilior
575 906 621 955 est
631 891 744 968 hieme,
759 914 851 976 quam

177 996 301 1046 astate:
325 1002 396 1043 nam
421 991 487 1041 tum
513 993 544 1040 et
568 976 690 1061 pituitae
715 978 797 1061 plus,
821 991 853 1041 et

177 1068 287 1153 capitis
300 1066 434 1150 gravitas
456 1063 553 1148 major
568 1064 680 1126 subest.
726 1063 853 1126 Inutilis

177 1169 224 1218 est
235 1152 410 1238 gracilibus
422 1163 453 1213 et
463 1148 651 1212 imbecillum
663 1149 853 1212 stomachum

178 1239 380 1304 habentibus:
406 1235 491 1298 utilis
502 1234 601 1319 plenis
616 1247 647 1298 et
661 1233 778 1298 biliosis
789 1257 853 1298 om-

177 1326 281 1402 nibus,
304 1324 329 1386 si
345 1322 395 1385 vel
416 1321 545 1384 nimium
564 1343 596 1383 se
610 1321 777 1404 replerunt,
803 1321 853 1384 vel

178 1433 286 1496 parum
313 1419 526 1473 concoxerunt.
576 1407 669 1482 Nam,
692 1405 757 1470 sive
781 1406 853 1490 plus

179 1510 236 1574 est,
248 1517 339 1582 quam
354 1493 437 1579 quod
451 1491 598 1577 concoqui
613 1492 719 1576 possit,
730 1492 852 1575 pericli-

179 1583 238 1647 tari
261 1604 301 1646 ue
324 1590 543 1662 corrumpatur,
570 1600 632 1640 non
658 1590 795 1662 oportet:
826 1578 852 1641 si

179 1691 252 1732 vero
278 1680 454 1749 corruptum
479 1677 536 1742 est,
561 1663 642 1727 nihil
663 1663 852 1727 commodius

179 1766 237 1831 est,
252 1775 343 1839 quam
363 1751 408 1828 id,
434 1772 495 1835 qua
513 1750 565 1814 via
587 1749 721 1833 primum
741 1749 854 1834 expelli

178 1853 291 1925 potest,
303 1839 420 1902 e'icere.
444 1838 567 1921 ltaque,
578 1835 632 1898 ubi
643 1835 737 1899 amari
748 1847 854 1900 ructus

179 1947 249 1990 cum
275 1925 315 1988 do
328 1946 379 1988 ore
393 1937 424 1987 et
445 1922 596 2006 gravitate
616 1921 854 2005 praecordiorum

179 2024 262 2089 sunt,
286 2009 431 2076 adhunc
452 2008 593 2093 protinus
614 2007 853 2092 confugiendum

178 2111 233 2161 est.
267 2098 357 2161 Idem
368 2097 492 2180 prodest
503 2095 543 2170 ei,
556 2093 606 2157 cui
615 2107 721 2177 pectus
731 2106 852 2167 aestuat,

179 2197 210 2247 et
225 2184 366 2268 frequens
389 2181 496 2257 saliva,
519 2180 569 2242 vel
583 2201 697 2243 nausea
710 2193 774 2252 est:
799 2193 853 2243 aut

179 2284 289 2333 sonant
304 2291 402 2345 aures,
426 2281 479 2330 aut
493 2267 618 2328 madent
635 2266 727 2341 oculi,
750 2277 804 2329 aut
819 2287 852 2328 os

179 2377 316 2419 amarum
342 2367 405 2417 est:
437 2351 636 2435 similiterque
660 2351 699 2427 ei,
726 2350 779 2433 qui
803 2351 853 2414 vel

179 2442 303 2516 coelum,
326 2439 375 2501 vel
397 2438 498 2501 locum
513 2450 629 2508 mutat;
655 2436 763 2520 iisque,
785 2436 853 2521 qui-

178 2528 247 2603 hus,
271 2525 296 2588 si
310 2524 481 2608 perplures
496 2522 561 2585 dies
580 2544 642 2585 uon
657 2536 851 2601 vomuerunt,

178 2612 265 2674 dolor
273 2610 441 2695 praecordia
451 2609 583 2671 infestat.
611 2609 721 2692 Neque
732 2608 851 2691 ignoro,

178 2697 259 2760 inter
280 2697 348 2760 haec
369 2694 495 2779 praecipi
517 2694 668 2778 quietem:
699 2716 768 2778 quae
790 2717 851 2758 non

179 2804 297 2866 semper
311 2782 486 2865 contingere
508 2792 609 2864 potest
622 2780 735 2864 agendi
749 2802 853 2846 neces·

1231 208 1314 290 [ara.
1331 230 1354 273 1.

1030 390 1033 395 ’
1077 398 1174 443 ORDO.

900 469 928 511 et
936 477 986 512 non
997 461 1046 512 nisi
1057 475 1114 510 cum
1125 469 1165 512 est
1175 477 1250 526 opus.
1290 463 1360 526 Ergo

899 528 941 575 ille
953 527 1083 576 confessus
1094 532 1135 575 est
1150 528 1206 592 ipse
1218 543 1330 592 quoque,
1339 528 1360 577 si

900 591 1360 655 quidjamessetcorruptum,debere

901 658 1014 719 expelli:
1041 657 1078 705 ita
1101 671 1143 704 res
1164 672 1215 706 non
1240 666 1280 706 est
1300 672 1360 705 con-

901 722 1044 770 demnanda
1062 736 1095 768 ex
1114 728 1177 770 toto.
1210 723 1264 771 Sed
1281 725 1360 772 etiam

901 793 1008 848 possunt
1018 801 1073 834 esse
1092 787 1178 848 plures
1194 802 1279 836 canisae
1290 788 1362 851 ejns3

901 865 950 914 que
968 851 1084 915 qnaedarn
1102 853 1178 913 paulo
1189 852 1306 900 subtilior
1317 851 1360 901 oh·

901 917 1012 964 servatio
1023 924 1061 964 est
1072 914 1217 964 adhibenda
1228 917 1255 965 in
1267 930 1307 965 ea.

926 981 1360 1046 Vomitusestutiliorhieme,quam

902 1051 1005 1094 aestate:
1024 1060 1081 1092 uam
1094 1051 1148 1093 tum
1165 1046 1255 1095 subest
1265 1052 1293 1094 et
1304 1047 1360 1109 plus

903 1110 1361 1174 pituitae,etmajorgravitascapitis.

904 1175 1059 1237 Gracilibus,
1071 1185 1098 1223 et
1113 1175 1268 1225 habentibus
1282 1176 1362 1224 imbe-

903 1239 989 1288 cillum
1009 1241 1167 1289 stomachum
1188 1246 1229 1288 est
1247 1240 1363 1301 inutilis;

903 1304 1363 1369 omnibusplenisetbiliosis(est)uti·

903 1369 969 1429 lis‚si
976 1371 1109 1432 replerunt
1119 1385 1147 1418 se
1155 1370 1197 1419 vel
1205 1371 1312 1418 nimium
1321 1370 1361 1419 vel

903 1441 1077 1483 concurrerunt
1089 1449 1187 1497 parum.
1217 1436 1295 1497 Ναω,
1308 1435 1361 1484 sive

902 1500 1003 1562 estplus
1014 1513 1089 1564 quam
1100 1500 1170 1563 quod
1182 1501 1262 1563 possit
1272 1514 1362 1549 conco·

903 1564 1361 1627 quinonoportetpericlitarinecor-

902 1637 1052 1691 rumpatur:
1076 1634 1130 1676 stve
1147 1637 1186 1677 est
1203 1635 1361 1692 corruptum,

903 1693 966 1741 nihil
977 1701 1017 1742 est
1027 1693 1183 1742 commodius
1195 1709 1270 1758 qnam
1280 1694 1309 1742 id
1319 1696 1362 1758 eji-

904 1771 972 1818 cere,
982 1774 1032 1834 qua
1049 1759 1157 1822 primum
1170 1759 1211 1808 via
1222 1765 1310 1822 potest
1320 1773 1363 1808 ex-

903 1822 974 1885 pelli,
988 1832 1075 1886 rtaque
1086 1823 1129 1872 ubi
1140 1830 1200 1872 sunt
1213 1823 1295 1872 amari
1305 1839 1361 1873 ruc-

903 1895 954 1950 tus,
963 1903 1021 1936 cum
1031 1887 1118 1936 dolore
1130 1895 1156 1936 et
1164 1888 1291 1951 gravitate
1300 1903 1363 1952 prae-

904 1953 1059 2014 cordiornnr,
1075 1954 1191 2016 protinus
1212 1951 1363 2017 confugien-

905 2017 1015 2066 domest
1027 2019 1059 2066 ad
1071 2018 1147 2066 hunc.

936 2081 1008 2130 idem
1032 2082 1137 2145 prodest
1157 2083 1191 2143 ei,
1209 2083 1251 2130 cui
1270 2090 1363 2147 pectus

903 2153 1005 2207 aestuat,
1027 2154 1054 2195 et
1074 2155 1114 2195 est
1138 2147 1260 2212 frequens
1284 2149 1364 2197 saliva

903 2213 945 2259 vel
966 2225 1088 2272 ,nausea3
1119 2220 1163 2261 aut
1192 2212 1260 2277 (cui)
1289 2227 1363 2261 aures

903 2284 1002 2337 sonant,
1025 2283 1070 2325 aut
1089 2277 1156 2326 oculi
1179 2277 1294 2337 madent,
1320 2283 1364 2326 aut

904 2355 931 2389 os
954 2349 993 2390 est
1015 2357 1144 2390 amarum:
1173 2357 1221 2406 qne
1247 2342 1364 2391 similiter

903 2407 927 2452 ei
947 2407 991 2470 qui
1007 2413 1089 2455 mutat
1106 2409 1147 2455 vel
1162 2410 1253 2456 coelum
1271 2408 1314 2454 vel
1328 2409 1363 2455 lo·

903 2485 974 2530 cum;
984 2486 1033 2534 que
1041 2472 1071 2519 iis
1079 2472 1170 2534 quibus
1179 2472 1251 2520 dolor
1257 2471 1364 2522 infestat

903 2537 1055 2597 praecordia,
1064 2536 1084 2584 si
1093 2551 1142 2584 non
1153 2544 1306 2585 vomuerunt
1317 2552 1364 2601 per

903 2602 990 2662 plures
1003 2601 1066 2648 dies.
1099 2602 1191 2665 Neque
1207 2603 1298 2664 ignoro
1310 2604 1363 2667 qui·

903 2671 971 2712 etam
993 2666 1098 2729 praecipi
1121 2667 1189 2714 inter
1210 2668 1280 2726 haec;
1308 2683 1363 2731 quae

902 2744 953 2777 non
976 2736 1063 2793 potest
1089 2732 1238 2793 contingere
1262 2747 1365 2796 semper

904 2794 1057 2845 habentibus
1068 2797 1250 2846 necessitatem
1259 2799 1367 2861 agendi3

650 3032 905 3078 TRANSLATION.

178 3179 230 3228 selt'
242 3182 286 3229 has
298 3179 441 3240 confessed,
458 3181 514 3229 that
525 3179 549 3228 if
561 3195 611 3244 any
625 3180 697 3242 thing
714 3179 747 3229 be
764 3181 879 3242 vitiated,
895 3182 915 3230 it
926 3184 1006 3245 ought
1017 3189 1043 3233 to
1062 3183 1094 3232 be
1111 3183 1246 3246 expelled:
1263 3199 1292 3232 so
1309 3175 1365 3233 that

178 3262 229 3310 this
241 3263 261 3310 is
274 3268 318 3310 not
329 3269 355 3310 to
368 3262 399 3311 be
411 3263 572 3311 condemned
584 3263 702 3325 entirely,
713 3263 783 3311 since
795 3264 868 3312 there
878 3279 935 3327 may
949 3265 980 3312 be
993 3280 1067 3329 many
1078 3266 1209 3314 occasions
1220 3265 1262 3315 for
1272 3267 1302 3328 it,
1314 3266 1364 3316 aud

178 3349 205 3390 to
216 3342 300 3392 which
312 3359 328 3392 a
337 3359 407 3393 nrore
419 3345 559 3406 particular
570 3344 770 3393 discrinriuation
782 3352 851 3393 must
863 3345 895 3394 be
907 3346 1034 3395 directed.

212 3422 236 3471 A
248 3426 328 3474 vomit
339 3426 360 3474 is
372 3441 442 3473 more
455 3424 538 3475 useful
549 3427 574 3473 in
587 3427 679 3474 winter
691 3427 752 3474 than
764 3426 790 3474 in
802 3441 920 3490 summer,
933 3427 1042 3476 because
1054 3429 1079 3477 iu
1090 3430 1145 3478 that
1156 3443 1246 3477 season
1258 3431 1333 3479 there
1344 3430 1364 3478 is

177 3520 248 3553 more
261 3507 372 3570 phlegm,
383 3509 433 3555 and
445 3522 461 3555 a
473 3515 575 3570 greater
587 3507 719 3556 heaviness
730 3507 761 3556 of
768 3509 812 3556 the
823 3509 897 3557 head.
922 3509 947 3558 lt
959 3510 979 3557 is
993 3510 1115 3573 injurious
1129 3517 1156 3559 to
1166 3511 1240 3558 those
1252 3512 1310 3560 who
1321 3525 1367 3560 are

179 3586 291 3635 delicate
304 3589 352 3636 and
371 3590 436 3637 have
448 3589 522 3637 weak
539 3590 681 3649 stomacbs;
702 3589 747 3638 but
759 3590 780 3637 it
799 3589 819 3637 is
830 3590 913 3638 useful
930 3598 957 3639 to
974 3592 1048 3640 those
1061 3592 1117 3638 who
1127 3606 1170 3639 are
1181 3589 1212 3638 of
1224 3606 1238 3639 a
1249 3592 1297 3640 tiill
1314 3592 1364 3641 and

178 3668 270 3717 bilious
282 3669 394 3732 babit,if
401 3671 461 3734 they
470 3671 534 3719 have
543 3671 626 3720 either
637 3670 715 3718 taken
726 3679 769 3720 too
778 3673 852 3720 much
863 3686 891 3719 or
901 3673 967 3721 have
978 3673 1095 3732 digested
1109 3672 1200 3735 badly:
1218 3672 1258 3721 for
1272 3674 1296 3723 if
1304 3675 1365 3738 they

177 3750 244 3798 have
261 3752 372 3814 charged
390 3753 543 3802 themselves
560 3754 623 3801 with
635 3766 705 3800 more
723 3753 783 3801 than
797 3768 844 3802 can
857 3753 888 3802 be
904 3753 1032 3816 digested‚
1052 3755 1113 3816 they
1124 3756 1205 3818 ought
1221 3763 1267 3805 not
1278 3763 1306 3806 to
1318 3772 1364 3806 ruu

179 3831 223 3880 the
236 3832 288 3880 risk
299 3831 330 3882 of
338 3834 370 3882 its
382 3833 459 3896 being
471 3834 587 3894 taiuted5
604 3849 633 3882 or
644 3832 668 3882 if
676 3834 697 3882 it
707 3834 739 3883 be
751 3828 855 3898 already
864 3843 1024 3900 putrescent,
1031 3838 1136 3900 nothing
1148 3838 1168 3885 is
1179 3851 1249 3885 more
1261 3853 1365 3904 proper,

179 3914 241 3962 than
253 3920 281 3964 to
291 3915 357 3978 eject
368 3913 425 3962 itin
437 3915 479 3962 the
490 3922 556 3964 most
567 3915 729 3979 expeditious
746 3930 853 3964 manner
869 3917 1019 3968 attainable.
1053 3918 1196 3967 Tlrerefore
1206 3919 1281 3969 when
1292 3922 1366 3970 there

181 4011 224 4044 are
236 3996 315 4045 bitter
325 3996 493 4057 eructations,
505 3996 566 4045 with
578 3998 639 4060 pain
651 3997 702 4046 and
713 3999 848 4047 heaviness
859 3999 890 4047 of
898 4001 942 4048 the
954 4001 1108 4064 praecordia,
1125 4000 1185 4064 they
1197 4007 1266 4050 must
1277 4003 1366 4053 imme·

180 4078 275 4141 diately
288 4077 439 4126 administer
450 4078 501 4126 this
511 4079 626 4141 remedy.

213 4159 271 4208 Itis
291 4160 345 4208 also
365 4159 477 4221 salutary
491 4166 516 4206 to
536 4158 587 4206 blm
606 4161 663 4208 wbo
680 4162 726 4210 has
744 4160 880 4224 aburning
900 4163 961 4211 beat
981 4164 1006 4211 in
1022 4165 1064 4212 the
1085 4165 1211 4223 stonrach,
1231 4164 1367 4214 abundant

180 4241 262 4290 saliva
271 4255 301 4289 or
312 4254 422 4302 nausea;
439 4248 504 4289 orto
516 4241 567 4289 him
580 4243 635 4289 who
646 4243 692 4290 has
701 4258 717 4291 a
725 4243 825 4306 singiug
833 4244 858 4291 in
867 4244 905 4292 his
917 4259 984 4306 ears,
994 4260 1022 4293 or
1033 4253 1115 4308 watry
1127 4260 1197 4308 eyes,
1207 4260 1237 4294 or
1248 4261 1264 4295 a
1276 4246 1366 4296 bitter-

179 4337 237 4370 ness
254 4323 280 4371 in
297 4324 341 4371 the
353 4323 455 4372 mouth:
473 4324 527 4370 also
537 4331 564 4370 to
575 4337 622 4371 one
633 4323 691 4372 who
708 4339 824 4374 removes
835 4333 880 4374 out
890 4325 921 4374 of
934 4341 981 4376 one
993 4327 1095 4376 climate
1107 4334 1135 4377 to
1147 4342 1161 4375 a
1174 4325 1297 4377 different
1308 4344 1367 4389 one,

180 4403 229 4451 and
242 4411 268 4452 to
279 4404 351 4454 those
360 4406 415 4453 who
426 4419 469 4454 are
481 4404 598 4453 troubled
610 4406 672 4453 with
684 4419 700 4454 a
712 4408 771 4469 pain
783 4406 814 4455 of
823 4409 865 4456 the
875 4409 1029 4471 praecordia,
1041 4408 1065 4456 if
1073 4410 1133 4472 they
1144 4411 1208 4458 have
1219 4418 1264 4459 not
1274 4415 1367 4460 vomit'

179 4484 212 4532 ed
224 4482 264 4533 sor
279 4500 354 4549 many
366 4487 438 4549 days.
472 4486 579 4535 Noram
591 4485 604 4534 l
616 4486 743 4551 ignorant,
761 4489 816 4538 that
836 4497 890 4538 rest
901 4490 922 4538 is
932 4489 1041 4538 ordered
1054 4491 1078 4538 in
1090 4493 1164 4540 these
1181 4507 1264 4556 cases,
1282 4496 1366 4544 which

180 4574 274 4616 cannot
284 4567 380 4631 always
391 4569 423 4619 be
435 4568 555 4620 obtained
567 4569 600 4632 by
611 4569 684 4620 those
694 4570 751 4620 who
764 4571 897 4622 areunder
907 4572 950 4621 the
959 4573 1089 4636 -necessity
1099 4573 1130 4623 of
1142 4574 1246 4639 acting;
1264 4589 1309 4625 nor
1321 4577 1366 4624 has
