2874 5040
166 192 209 277 18
542 198 676 267 *cnnsr
698 213 743 269 ns
767 212 946 258 nanterus

170 364 353 429 currendum
369 362 499 440 subinde
516 362 738 433 vehementiori
752 362 843 429 malo.

171 452 217 514 Et
231 450 320 515 aliter
333 449 432 515 acutis
446 449 560 515 morbis
574 450 771 528 medendum,
791 449 846 514 ah

171 549 219 599 ter
233 536 377 608 vetustis3
395 535 484 599 aliter
496 535 746 610 increscentibus,
759 535 847 600 aliter

172 622 419 699 subsistentibus,
442 622 531 687 aliter
547 623 614 708 jam
629 621 668 684 ad
684 621 846 698 sanitatem

171 705 338 772 inclinatis.
383 708 506 776 Horum
529 706 769 783 observationem
785 728 848 770 me·

172 792 306 856 dicinam
319 816 402 865 esse;
419 814 510 879 quam
523 792 698 870 itafiniunt,
714 805 750 870 ut
760 790 849 877 quasi

172 878 255 944 viam
283 880 459 964 qnamdam,
493 901 585 965 qnam
610 874 719 957 μέθοδον
743 877 848 957 Graeci

172 965 344 1042 nominant,
373 978 550 1050 eorumque,
576 964 705 1050 quaein
734 963 848 1026 morbis

157 1050 348 1116 ‹communia
369 1061 452 1128 sunt,
481 1050 760 1135 contemplatricem
783 1070 849 1126 esse

173 1136 369 1215 contendant.
414 1137 466 1207 Ae
475 1158 575 1222 neque
588 1135 789 1200 rationalibus
804 1157 847 1212 se,

173 1244 272 1308 neque
287 1221 495 1306 experimenta
510 1235 630 1287 tautum
641 1221 850 1306 spectantibus

173 1308 368 1372 annumerari
378 1307 487 1384 volunt
501 1332 508 1371 ε
532 1331 602 1371 cum
618 1309 656 1371 ab
671 1307 733 1371 illis
748 1329 784 1370 eo
795 1329 850 1370 no-

173 1393 257 1456 mine
286 1392 478 1470 dissentiant,
509 1395 591 1478 quod
615 1393 648 1456 in
675 1393 850 1477 conjectura

172 1501 274 1544 rerum
284 1478 447 1543 latentium
455 1480 566 1544 nolunt
574 1502 640 1544 esse
649 1479 847 1556 medicinam

173 1565 213 1630 ab
238 1564 287 1627 his
313 1588 360 1642 eo,
384 1565 469 1650 quod
493 1588 602 1650 pamm
625 1565 699 1629 artis
724 1586 789 1639 esse¹
815 1564 848 1629 in

173 1651 385 1730 observatione
407 1652 682 1735 experimentorum
708 1651 851 1730 credunt,

175 1733 272 1810 Quod
281 1738 320 1800 ad
330 1735 550 1802 Erasistratum
561 1736 704 1820 pertinet,
713 1735 848 1821 primurn

173 1822 241 1907 ipsa
255 1822 410 1887 evidentia
432 1823 499 1908 ejus
512 1822 650 1908 opinioni
672 1836 845 1907 repugnat3

172 1908 246 1994 quia
257 1931 335 1986 raro,
347 1907 407 1972 nisi
422 1923 491 1992 post
504 1909 616 1972 horum
628 1908 755 1994 aliquid,
769 1930 848 1971 mor-

172 1992 231 2061 bus
257 1994 350 2058 venit.
400 1995 524 2060 Deinde
547 2017 610 2059 non
635 1994 783 2080 sequitur,
811 2006 849 2057 nt

172 2081 256 2165 quod
281 2080 375 2145 alium
404 2101 467 2143 non
490 2079 595 2159 afficit,
626 2092 680 2144 aut
706 2080 848 2145 eumdem

172 2167 259 2244 alias,
285 2166 319 2230 id
340 2189 379 2230 ne
401 2166 490 2230 alteri
511 2166 646 2252 quidem,
673 2180 726 2239 aut
748 2166 847 2230 eidem

173 2264 309 2337 tempore
334 2252 394 2317 alio
423 2266 540 2316 noceat.
602 2249 737 2315 Possunt
765 2250 847 2327 enim

172 2339 314 2422 quaedam
343 2338 466 2402 subesse
496 2338 625 2421 corpori,
665 2338 715 2400 vel
739 2360 777 2400 ex
801 2336 849 2399 in-

172 2423 317 2487 firmitate
329 2424 406 2508 ejus,
419 2423 469 2486 vel
481 2446 519 2487 ex
530 2423 632 2508 aliquo
644 2423 765 2500 affeetu,
777 2444 848 2507 quae

172 2509 223 2571 vel
240 2508 273 2570 in
292 2509 353 2572 alio
376 2530 439 2571 non
462 2522 544 2586 sunt,
570 2509 619 2573 vel
638 2509 672 2573 in
689 2508 748 2571 hoc
772 2508 848 2584 alias

171 2613 235 2657 non
254 2593 400 2669 fuerunt3
424 2616 520 2678 eaque
541 2617 596 2679 per
614 2617 645 2658 se
664 2616 726 2658 non
749 2607 845 2673 tanta

1226 193 1310 287 [nm.
1334 216 1357 262 1.

896 447 1004 497 subinde
1016 447 1206 498 vehementiore
1221 449 1301 512 malo,
1315 463 1358 499 oe·

896 513 1061 562 currendum.
1100 513 1134 561 Et
1154 513 1232 562 aliter
1254 514 1359 563 meden-

897 578 957 626 dum
970 578 1053 626 acutis
1064 578 1168 636 morbis,
1184 579 1263 627 aliter
1274 585 1358 628 vetus·

898 644 948 703 tis;
964 643 1040 695 aliter
1051 643 1268 706 increscentibus,
1284 645 1359 693 aliter

897 707 1106 771 subsistentibus,
1122 709 1197 757 aliter
1209 707 1265 771 jam
1276 708 1310 757 ad
1321 723 1360 757 sa-

898 773 1005 822 nitatem
1017 773 1154 822 inclinatis.
1188 771 1360 835 Observatio-

897 852 956 886 nem
984 839 1074 886 horum
1102 851 1158 886 esse
1189 837 1358 899 medicinam

898 917 973 967 quarn
991 903 1030 951 ita
1039 901 1141 961 minut,
1157 908 1187 951 ut
1198 902 1360 952 contendunt

898 982 955 1017 esse
964 965 1036 1029 quasi
1045 966 1271 1033 viamquarndaru3
1283 982 1358 1032 quarn

899 1032 985 1082 Graeci
998 1028 1128 1080 nominant
1141 1029 1228 1095 pitsius
1237 1047 1288 1096 que
1299 1047 1359 1089 eon·

898 1097 1085 1160 templatricem
1096 1110 1252 1162 eorumquae
1263 1103 1323 1146 sunt
1333 1097 1358 1145 in

898 1161 993 1213 morbis
1015 1163 1167 1212 communis.
1216 1162 1257 1211 Ac
1277 1175 1359 1225 neque

898 1229 988 1281 volunt
999 1242 1027 1276 re
1043 1227 1208 1277 annumerari
1225 1226 1358 1276 rationali·

899 1290 953 1350 bns,
969 1306 1053 1358 neque
1064 1292 1242 1356 experimenta
1259 1298 1359 1342 tanturn

898 1358 1085 1421 spectantibus,
1102 1371 1160 1404 cum
1182 1356 1215 1405 ab
1236 1355 1287 1405 illis
1310 1356 1359 1404 dis-

899 1424 1012 1471 sentiant
1023 1436 1054 1470 eo
1065 1421 1167 1485 npmiae
1184 1421 1253 1486 quod
1271 1420 1361 1470 nolunt

898 1487 1050 1537 medicinam
1077 1501 1134 1537 esse
1156 1487 1185 1535 in
1209 1485 1360 1548 conjectura

898 1566 984 1599 rerum
999 1550 1148 1611 latentium3
1162 1550 1242 1600 abhis
1253 1565 1294 1613 eo,
1304 1565 1359 1600 cre-

899 1615 963 1678 dunt
980 1616 1047 1681 quod
1066 1630 1156 1678 parurn
1175 1614 1239 1663 artis
1259 1629 1315 1664 esse
1332 1616 1359 1664 in

898 1673 1077 1730 observatione
1115 1681 1359 1743 experimentorum.

899 1745 974 1797 Quod
993 1746 1107 1808 pertinet
1124 1745 1156 1794 ad
1175 1745 1359 1803 Erasistratum

899 1812 1009 1874 primum
1021 1809 1077 1874 ipsa
1086 1809 1219 1859 evidentia
1230 1815 1359 1873 repugnat

899 1875 1095 1940 ejusopinione3
1112 1875 1358 1939 quieraro,morbus

900 1940 980 1998 venit,
1000 1941 1048 1988 nisi
1066 1947 1125 2002 post
1142 1940 1240 2004 aliquid
1259 1941 1359 1988 horum.

900 2004 1002 2055 Deinde
1023 2019 1073 2053 uon
1094 2005 1220 2070 requitur,
1240 2012 1272 2054 nt
1291 2003 1358 2069 qnod

899 2085 949 2126 non
967 2067 1046 2119 afficit
1067 2070 1154 2131 alium,
1177 2075 1224 2129 ant
1239 2069 1359 2121 eurndenr

899 2135 971 2195 alias,
979 2134 1005 2183 id
1015 2149 1047 2183 ne
1055 2141 1149 2183 noceat
1157 2135 1231 2183 alteri
1243 2134 1358 2198 quidem,

899 2206 944 2248 aut
955 2199 1040 2248 eidem
1057 2200 1107 2248 aiio
1123 2206 1248 2263 tempore.
1284 2199 1359 2247 Enim

899 2265 1016 2330 quaedarn
1025 2273 1130 2328 possunt
1137 2263 1242 2324 subesse
1249 2263 1359 2326 corpori,

899 2331 940 2378 vel
959 2344 992 2376 ex
1009 2327 1158 2383 infirmitate
1179 2329 1246 2391 ejus,
1266 2329 1359 2378 velex

897 2395 983 2458 aliquo
994 2393 1156 2457 affectuque
1173 2408 1224 2442 non
1241 2400 1302 2443 sunt
1317 2393 1358 2441 vel

898 2459 923 2508 iu
936 2459 996 2519 alio,
1014 2460 1056 2508 vel
1079 2473 1128 2507 non
1147 2457 1253 2506 fuerunt
1271 2460 1296 2506 in
1310 2459 1359 2506 hoc

897 2523 961 2572 alias
970 2539 978 2582 3
988 2538 1073 2588 eaque
1083 2538 1130 2586 per
1142 2538 1168 2572 se
1180 2538 1230 2572 non
1243 2529 1360 2582 tantast

897 2590 1027 2646 concitent
1037 2588 1162 2650 morbum,
1178 2595 1265 2637 tamen
1277 2586 1358 2639 effici,

897 2660 941 2701 ant
953 2668 1047 2717 corpus
1059 2652 1140 2715 magis
1150 2644 1290 2701 obnoxium
1302 2651 1358 2700 aliis

171 2690 208 2743 ut
222 2679 378 2744 concitent
392 2679 544 2759 morbum,
563 2692 665 2744 tamen
680 2680 846 2759 obnoxium
896 2718 1004 2781 injurus.
1038 2717 1148 2770 Quod-st
1164 2718 1225 2767 mi,
1241 2731 1359 2782 compre

171 2765 271 2849 magis
303 2765 371 2830 aliis
404 2764 524 2849 injuriis
556 2788 666 2850 corpus
702 2764 845 2831 efficiant.

639 2963 894 3007 Tnnnsnnntort.

170 3095 238 3144 lieve
247 3096 290 3145 the
297 3108 368 3144 more
375 3094 480 3142 violent.
502 3091 562 3141 And
570 3093 627 3142 that
634 3107 674 3142 we
681 3093 761 3155 ought
770 3099 796 3142 to
805 3098 871 3142 treat
880 3107 913 3141 an
922 3092 1106 3142 acutedisease
1113 3093 1261 3160 differently
1271 3095 1360 3146 fromn

169 3176 274 3228 chronic
285 3190 344 3239 one,
360 3189 393 3223 an
403 3173 549 3238 increasing
560 3189 609 3224 one
620 3171 767 3238 differently
778 3172 845 3224 from
856 3189 904 3223 oue
915 3175 972 3225 that
982 3173 1005 3223 is
1015 3176 1167 3239 stationam,
1187 3176 1238 3226 aud
1251 3179 1361 3228 another

169 3259 245 3307 when
253 3257 443 3307 convalescent.
458 3257 514 3305 The
522 3257 686 3306 observation
694 3254 725 3304 oi
731 3257 804 3305 these
812 3257 897 3321 things
906 3257 1059 3306 coustitutes
1068 3257 1111 3305 the
1124 3258 1214 3322 Theory
1222 3259 1275 3307 and
1286 3261 1361 3318 Prae,

170 3338 218 3386 tice
226 3335 257 3386 of
270 3339 489 3401 Medieirre‚which
500 3340 560 3402 they
573 3337 657 3388 detine
668 3354 706 3397 so,
715 3338 766 3387 and
779 3339 901 3402 rnaiutain
910 3337 931 3389 it
941 3345 966 3386 to
974 3339 1005 3386 he
1015 3341 1060 3388 the
1069 3339 1234 3391 observatiou
1243 3340 1274 3390 of
1285 3343 1361 3393 those

170 3420 256 3482 things
273 3420 358 3468 which
376 3434 420 3469 are
439 3435 555 3470 common
576 3420 601 3469 iu
624 3420 734 3482 disease,
752 3434 780 3469 as
800 3419 824 3468 if
840 3420 860 3468 it
870 3434 964 3469 werea
977 3421 1075 3469 certain
1088 3436 1145 3485 way
1156 3421 1187 3472 uf
1201 3424 1362 3488 proceeding

170 3501 255 3550 which
266 3502 310 3550 the
321 3501 422 3560 Greeks
434 3503 482 3559 eall
493 3501 614 3550 method:
632 3501 679 3551 but
690 3503 750 3564 they
760 3501 812 3552 wilt
824 3508 869 3549 not
879 3501 960 3552 admit
968 3502 1123 3552 themselves
1135 3509 1160 3551 to
1174 3503 1206 3552 be
1217 3504 1360 3555 numbered

172 3584 256 3634 either
267 3584 329 3632 with
348 3583 479 3644 theorists,
499 3597 527 3631 or
539 3598 604 3646 pure
622 3583 759 3648 empirics;
777 3584 847 3646 since
865 3585 925 3645 they
938 3584 1036 3635 dissent
1048 3583 1112 3632 from
1130 3587 1213 3646 those,
1224 3587 1249 3634 in
1261 3587 1312 3643 this
1323 3602 1362 3636 re-

171 3670 256 3729 spect,
273 3664 331 3713 that
348 3665 409 3729 they
428 3663 479 3712 will
497 3671 542 3725 not
553 3663 634 3712 admit
651 3661 682 3712 of
696 3665 823 3726 medicine
842 3671 869 3714 to
888 3665 986 3714 eonsist
1008 3665 1035 3714 in
1055 3666 1210 3728 hypotheses
1229 3665 1261 3715 of
1278 3668 1361 3720 latent

172 3761 278 3805 canses;
295 3745 361 3796 from
371 3746 444 3797 these
461 3746 522 3809 they
533 3743 607 3793 differ
618 3746 645 3794 in
656 3745 717 3808 this,
734 3746 846 3795 because
862 3747 921 3809 they·
933 3747 1053 3794 nraiutain
1071 3747 1127 3795 that
1139 3747 1183 3796 the
1194 3747 1361 3799 observation

171 3826 203 3876 of
218 3827 433 3891 experimentato
454 3826 485 3876 bo
496 3841 511 3875 a
522 3841 583 3891 very
595 3828 668 3876 small
689 3834 748 3890 part
767 3825 797 3875 of
813 3829 858 3877 the
879 3834 927 3876 art.
962 3825 1057 3883 Assar
1076 3826 1142 3877 assit
1157 3828 1252 3877 relates
1271 3837 1298 3879 to
1315 3832 1360 3882 the

171 3910 276 3973 dogmas
288 3907 319 3958 of
327 3909 506 3970 Erasistratus,
523 3908 549 3956 in
561 3910 605 3957 the
616 3908 673 3957 first
683 3910 767 3972 place,
786 3910 824 3957 his
839 3910 943 3974 opinion
955 3910 976 3958 is
991 3915 1136 3974 repugnant
1148 3916 1175 3958 to
1188 3911 1315 3962 evidence
1327 3913 1360 3963 it·

170 3991 228 4059 sels,
245 3991 354 4040 because
367 4004 382 4038 a
393 3989 494 4038 disease
509 3990 592 4052 rarely
605 4004 690 4039 comes
707 4005 740 4039 on
758 3991 844 4040 unless
862 3991 992 4054 preceded
1011 3991 1044 4054 hy
1055 4005 1125 4040 some
1136 3990 1167 4041 of
1179 3992 1252 4040 these
1269 4008 1361 4044 oecur-

171 4088 277 4140 rences,
293 4072 319 4121 in
332 4072 376 4120 the
396 4077 460 4119 next
470 4070 555 4134 place,
571 4071 593 4120 it
603 4072 665 4122 does
677 4079 723 4121 not
733 4071 817 4120 follow
829 4073 886 4121 that
897 4073 966 4128 what
978 4071 1040 4121 does
1051 4079 1097 4122 not
1106 4070 1185 4122 effect
1196 4088 1245 4127 one
1256 4089 1363 4137 person,

171 4170 231 4219 may
243 4162 288 4203 not
298 4153 382 4217 injure
393 4153 500 4201 another
505 4170 513 4212 3
530 4166 575 4200 nor
586 4153 656 4201 what
665 4153 728 4203 does
739 4162 786 4203 not
795 4152 875 4203 affect
885 4155 929 4203 the
942 4169 1012 4203 same
1024 4168 1116 4217 person
1128 4163 1155 4202 at
1166 4168 1214 4202 one
1227 4155 1289 4205 time
1300 4171 1360 4220 may

171 4245 218 4286 not
229 4237 290 4284 hort
299 4235 350 4283 him
362 4239 390 4282 at
400 4234 520 4282 another:
538 4231 579 4283 sor
591 4235 663 4283 there
675 4249 733 4299 may
746 4237 779 4285 be
791 4249 862 4284 some
874 4236 957 4284 latent
970 4235 1074 4298 turking
1086 4237 1187 4299 poisons
1198 4236 1224 4285 in
1236 4237 1280 4286 the
1291 4238 1361 4301 body

171 4304 254 4367 either
263 4315 328 4365 from
339 4314 473 4363 weakness
483 4329 512 4362 or
522 4314 629 4372 disease,
641 4316 724 4365 which
740 4318 823 4365 either
835 4331 879 4365 are
890 4323 936 4366 not
952 4317 977 4364 in
994 4318 1111 4376 another,
1121 4332 1168 4366 nor
1179 4333 1249 4367 were
1260 4320 1321 4383 they
1333 4320 1362 4370 in

170 4400 215 4449 the
227 4411 297 4447 same
317 4394 385 4459 body
396 4402 424 4444 at
434 4410 450 4444 a
459 4393 579 4444 different
590 4397 667 4458 time,
683 4399 734 4447 and
747 4399 830 4462 these,
846 4399 968 4463 perhaps,
989 4405 1034 4448 uot
1046 4413 1072 4446 so
1085 4407 1159 4463 great
1169 4398 1199 4449 of
1207 4401 1360 4450 themselves

170 4495 199 4530 as
211 4486 237 4529 to
249 4479 334 4529 excite
345 4480 390 4527 the
404 4478 486 4527 latent
503 4477 603 4529 disease
614 4479 668 4528 into
679 4480 773 4539 aetion,
792 4487 837 4544 yet
847 4482 909 4550 they
919 4494 977 4544 may
990 4479 1141 4544 predispose
1154 4482 1197 4530 the
1208 4481 1279 4544 body
1290 4489 1316 4532 to
1326 4481 1360 4532 be

169 4575 241 4613 more
259 4559 415 4627 susceptible
427 4558 457 4611 of
471 4559 545 4621 other
561 4559 683 4624 injuries:
702 4561 749 4613 but
760 4561 784 4627 if
796 4563 829 4614 he
844 4561 903 4626 had⁴
912 4561 979 4613 been
999 4559 1152 4628 sufficieutiy
1167 4562 1261 4614 skilisrl
1275 4563 1302 4614 in
1314 4564 1360 4620 the
