2874 5040
159 200 182 264 i
565 217 660 261 cassi
684 216 729 260 ua
753 217 930 261 uumerus

159 369 306 436 Glaucias
327 388 360 434 et
380 367 535 456 aliquanto
555 380 626 454 post
647 368 830 432 Heraclides

159 457 358 533 Tarentinus,
387 470 418 520 et
446 455 506 520 alia
533 476 654 539 quoquc
679 476 741 517 non
766 476 830 518 me·

158 541 275 605 diocres
286 541 343 604 viri
356 542 463 618 secuti,
474 564 513 604 ex
525 540 592 624 ipsa
602 539 788 624 professione
796 563 828 604 se

158 626 325 711 ἐμπειρικοὺς
345 628 585 712 appellaverunt.
632 626 682 689 Sic
702 626 828 690 induas

156 727 257 798 partes
272 737 308 777 ea
322 734 453 800 quoque,
467 735 537 798 quae
550 713 637 775 victu
652 725 749 788 curat,
765 733 828 776 me-

156 799 258 864 dicina
272 799 371 863 divisa
382 813 439 877 est,
451 798 519 863 aliis
527 797 705 861 rationalem
717 811 824 875 artem,

155 885 224 949 aliis
244 909 334 949 usum
355 899 475 950 tantum
498 878 555 947 sibi
577 883 820 947 vindicantibus:

154 972 241 1035 nullo
251 994 323 1035 vero
332 972 497 1058 quidquam
512 981 582 1054 post
595 991 657 1045 eos,
668 967 722 1066 qui
733 991 825 1053 supra

155 1057 364 1142 comprehensi
386 1068 469 1133 sunt,
491 1055 638 1139 agitante,
659 1055 720 1116 nisi
741 1057 825 1140 quod

154 1156 328 1226 acceperat:
348 1143 444 1206 donec
459 1141 660 1224 Asclepiades
680 1140 824 1204 medendi

153 1229 299 1292 rationem
316 1250 355 1292 ex
368 1248 479 1310 magna
491 1240 578 1311 parte
592 1225 733 1289 mutavit.
770 1228 823 1290 Ex

153 1315 241 1399 cujus
270 1313 492 1378 successoribus
526 1311 697 1376 Themison
724 1334 823 1397 nuper

152 1399 219 1547 {pse
233 1421 353 1484 quoque
373 1398 570 1484 quaedamin
592 1410 748 1461 senectute
770 1398 824 1462 de-

174 1485 246 1549 exit.
301 1487 347 1550 Et
373 1506 429 1568 per
456 1484 513 1548 hos
540 1483 664 1569 quidem
691 1484 823 1548 maxime

152 1570 233 1634 viros
257 1570 397 1635 salutaris
416 1571 476 1635 ista
496 1568 583 1634 nobis
605 1568 752 1653 professio
776 1570 823 1632 in-

151 1657 257 1721 crevit.

194 1743 346 1820 Quoniam
366 1755 466 1806 autem
487 1741 642 1806 extribus
661 1739 823 1805 medicinae

149 1829 299 1913 partibus,
314 1841 349 1892 ut
360 1827 552 1905 difficillima,
563 1827 606 1891 sic
617 1826 708 1890 etiam
720 1827 823 1891 claris-

149 1913 227 1978 sima
241 1927 287 1979 est
301 1936 347 1992 ea,
362 1937 433 2000 quae
453 1913 565 1977 morbis
584 1913 734 1990 medetur,
749 1928 821 1977 ante

148 2000 252 2065 omnia
272 2001 312 2065 de
332 2001 390 2065 hac
409 2000 573 2064 dicendum
588 2012 643 2062 est.
688 2000 734 2063 Et
748 2000 820 2084 quia

147 2085 247 2170 prima
260 2086 293 2150 in
308 2109 344 2151 eo
358 2086 506 2150 dissensio
520 2099 577 2164 est,
592 2085 675 2170 quod
692 2084 745 2148 alii
761 2086 818 2149 sibi

147 2173 423 2258 experimentorum
445 2172 656 2236 tantummodo
677 2170 816 2234 notitiam

146 2259 345 2322 necessariam
360 2281 427 2321 esse
444 2258 633 2321 contendunt
646 2280 654 2329 ;
678 2256 742 2334 alii,
758 2257 818 2320 nisi

146 2365 306 2428 corporum
327 2365 489 2428 rerumque
513 2343 630 2406 ratione
651 2355 817 2425 comperta,

145 2450 208 2493 non
233 2430 307 2493 satis
331 2441 487 2513 potentem
508 2450 597 2491 usum
620 2449 685 2490 esse
709 2449 819 2511 propo-

145 2529 241 2579 nunt:
265 2514 464 2578 indicandum
479 2526 534 2587 est,
551 2536 620 2598 quae
634 2513 765 2577 maxime
780 2535 817 2577 ex

144 2612 273 2684 unaque
286 2614 372 2685 parte
386 2600 537 2677 dicantur,
549 2622 609 2698 quo
619 2598 738 2662 facilius
748 2621 819 2662 nos-

1212 199 1297 281 {cra
1315 224 1338 266 1.

1058 391 1155 432 0RDO.

879 451 1037 515 perimentis.
1077 455 1161 505 Quem
1179 453 1340 517 Apollonius,

879 523 906 566 et
925 516 1058 579 Glaucias,
1080 528 1107 567 et
1130 519 1259 583 aliquanto
1279 532 1339 585 post

879 581 1033 630 Heraclides
1058 583 1223 643 Tarentinus,
1245 590 1272 633 et
1295 585 1338 633 alii

878 661 990 710 quoque,
1007 662 1057 694 uon
1074 649 1215 697 mediocres
1233 650 1280 697 viri
1297 665 1338 699 se-

878 713 940 768 cuti,
952 715 1148 774 appellaverunt
1158 730 1186 762 se
1203 715 1339 780 ipaeupnola

877 790 909 822 ex
919 777 974 838 ipsa
983 777 1148 837 professione.
1177 779 1223 828 Sic
1234 793 1337 843 quoque

876 854 907 887 ea
926 841 1061 901 medicina,
1100 857 1139 890 uae
1160 852 1234 891 curat
1256 845 1337 906 victu,

876 904 959 953 divisa
976 914 1017 954 est
1036 908 1060 953 iu
1079 857 1143 955 duas
1164 915 1262 970 partes,
1279 909 1337 957 aliis

876 968 1065 1020 vindicantibus
1085 971 1133 1020 sibi
1155 978 1238 1021 artem
1257 974 1338 1023 ratio-

875 1036 969 1098 nalem,
980 1036 1034 1084 aliis
1046 1051 1118 1085 usum
1136 1045 1252 1087 tantum:
1273 1054 1336 1088 vero

874 1100 952 1156 nullo,
972 1101 1089 1162 agitante
1107 1101 1256 1165 quidquam,
1276 1111 1336 1166 post

874 1177 927 1226 eos,
938 1165 982 1228 qui
991 1165 1168 1228 comprehensi
1178 1175 1238 1216 sunt
1246 1182 1335 1231 supra,

873 1229 923 1278 nisi
937 1230 1004 1293 quod
1021 1239 1175 1292 acceperat:
1193 1231 1275 1281 donec
1285 1233 1335 1280 As·

873 1293 1004 1357 clepiaclcs
1015 1294 1124 1344 mutavit
1140 1296 1264 1344 rationem
1281 1312 1334 1346 me-

873 1357 951 1406 dendi
962 1373 993 1406 ex
1004 1375 1097 1421 magna
1109 1367 1193 1422 parte.
1226 1363 1267 1409 Ex
1276 1377 1333 1412 suc-

873 1423 1014 1471 cessoribus
1031 1424 1102 1486 cujus
1120 1423 1258 1474 Themison
1276 1428 1337 1491 ipse

872 1501 965 1551 nuper,
975 1487 1082 1538 deflexit
1098 1489 1215 1553 quaedam
1230 1507 1334 1557 quoque

872 1551 898 1599 in
918 1560 1063 1603 senectute.
1108 1555 1141 1603 Et
1160 1555 1265 1618 quidem
1285 1573 1334 1622 per

872 1616 917 1664 bos
932 1617 998 1667 viros
1015 1618 1124 1666 maxime
1144 1620 1194 1668 ista
1212 1622 1332 1672 salutaris

872 1681 997 1745 professio
1008 1683 1119 1732 increvit
1130 1684 1212 1734 uobis.

904 1747 999 1796 Autem
1010 1750 1128 1811 quoniam
1138 1763 1169 1797 ex
1179 1749 1261 1798 tribus
1273 1766 1333 1813 par·

871 1810 941 1860 tibus
960 1813 1104 1876 medicina,
1122 1821 1150 1862 ut
1170 1813 1332 1878 difficillima,

871 1890 972 1940 eaquae
986 1877 1105 1926 medetur
1119 1879 1232 1939 morbus,
1243 1881 1280 1929 sic
1291 1890 1332 1930 est
1373 1876 1381 1887 '

870 1942 948 1989 etiam
965 1942 1113 2002 clarissima,
1124 1943 1156 1990 da
1175 1944 1223 1993 hac
1242 1945 1330 1994 dicen·

870 2006 982 2056 domest
994 2015 1054 2056 ante
1068 2009 1160 2056 omnia.
1193 2009 1227 2057 Et
1240 2012 1331 2074 prima,

871 2071 939 2134 quia,
959 2079 1000 2120 est
1016 2073 1140 2121 dissensio
1159 2073 1184 2120 in
1203 2088 1243 2134 eo,
1262 2077 1330 2138 quod

868 2135 911 2182 alii
923 2137 1098 2185 tantummodo
1115 2139 1275 2187 contendunt
1286 2155 1330 2188 no·

868 2200 951 2248 titia'rn
965 2204 1197 2264 experimentorum
1215 2218 1272 2252 esse
1286 2220 1330 2254 ue-

868 2264 1006 2340 cessariam
1026 2267 1092 2316 sibi:
1110 2268 1154 2316 alii
1173 2279 1329 2333 proponunt,

867 2343 915 2377 nisi
928 2332 1026 2379 ratione
1038 2346 1231 2395 corporumque
1243 2349 1329 2384 rerum

867 2402 1013 2458 comperta3
1031 2409 1102 2444 nsum
1120 2412 1169 2444 non
1189 2412 1248 2446 esse
1267 2401 1328 2448 satis

867 2466 1014 2520 potentem:
1029 2461 1196 2510 indicandum
1212 2469 1255 2512 est
1270 2479 1328 2528 quaa

867 2523 988 2572 dicantur
1000 2540 1032 2573 ex
1044 2533 1151 2589 utraque
1162 2535 1237 2589 parte
1248 2530 1329 2577 maxi-

867 2586 923 2649 mt33
941 2588 991 2652 qud
1003 2597 1089 2638 nostra
1100 2592 1185 2654 opinio
1197 2595 1279 2655 possit
1289 2595 1328 2642 in-

868 2656 968 2716 terponi
986 2654 1082 2703 facilitis
1099 2671 1207 2719 qnoque.
1241 2658 1328 2720 Igitur
1362 2686 1365 2690 >

145 2697 322 2785 mqllilqutf
333 2686 435 2769 opinio
446 2686 598 2770 interponi
609 2685 713 2770 possit.
752 2685 817 2768 Igi.

217 2773 224 2785 .
393 2771 400 2784 .
617 2772 623 2783 ,
645 2771 652 2783 ,
866 2718 891 2765 hi
902 2721 945 2793 qui
954 2718 1107 2782 profitentur
1116 2723 1265 2771 rationalem
1275 2739 1327 2772 me·
1370 2722 1373 2728 '

144 2784 196 2835 tur
215 2794 250 2851 ll,
270 2793 323 2857 qul
344 2772 522 2835 rationalem
544 2773 726 2834 mediclllam
746 2793 816 2857 pl'0-
866 2783 986 2841 diemam,
994 2793 1139 2848 proponunt
1149 2787 1202 2835 ltaec
1213 2803 1270 2836 esse
1282 2803 1328 2836 ne.

143 2857 359 2937 fitentur,haec
372 2857 540 2921 necessaria
551 2879 615 2921 esse
625 2869 812 2940 proponunt:
865 2848 985 2898 cessaria.
1029 2850 1155 2899 Notitiam
1181 2852 1327 2902 abditarum

143 2944 315 3010 abditarum
329 2956 361 3008 et
374 2944 494 3008 morbos
508 2942 729 3008 continentium
744 2965 817 3006 cau-

611 3109 867 3153 TRANSLATION·

140 3205 289 3270 Apollonius
306 3209 356 3257 aud
369 3200 500 3270 Glaucias,
512 3206 563 3255 and
579 3221 595 3254 a
605 3207 671 3256 little
680 3205 747 3255 after
758 3205 879 3256 followed
893 3207 1056 3270 Heraclides,
1073 3223 1089 3256 a
1105 3207 1255 3274 Tarentiue,
1271 3211 1322 3260 and

140 3290 340 3339 othersofsome
351 3289 485 3352 celebrity,
492 3289 558 3352 who,
569 3287 636 3337 from
646 3289 689 3337 the
701 3287 843 3352 profession
854 3288 931 3352 itself,
941 3290 1024 3340 called
1035 3290 1185 3340 themselves
1194 3291 1324 3356 empirica.

141 3370 176 3420 So
187 3371 244 3420 that
253 3369 350 3419 brancb
362 3369 393 3419 of
405 3369 530 3418 medicine
541 3370 623 3418 which
641 3383 714 3418 cutes
726 3369 758 3434 by
769 3370 824 3419 diet
834 3385 886 3419 was
897 3370 1002 3421 divided
1012 3373 1065 3422 into
1077 3378 1128 3421 two
1146 3379 1216 3436 parts
1226 3389 1234 3434 ;
1251 3389 1321 3425 some

140 3450 260 3516 clahning
273 3459 299 3502 to
311 3452 462 3502 themselves
480 3453 523 3502 the
540 3451 691 3501 theoretical
708 3459 759 3511 art,
776 3453 861 3500 others
878 3453 936 3516 only
949 3453 992 3502 the
1007 3453 1140 3517 practical.
1181 3456 1235 3503 But
1253 3455 1323 3506 after

141 3533 212 3582 those
222 3535 279 3583 who
291 3549 335 3582 are
351 3534 497 3583 mentioned
517 3534 608 3594 above,
626 3548 692 3582 none
713 3534 857 3598 attempted
874 3535 1006 3599 anythiug,
1024 3541 1117 3598 except
1135 3535 1204 3585 what
1219 3537 1252 3586 he
1269 3538 1322 3587 had

140 3615 259 3664 received
269 3614 334 3664 from
344 3616 384 3666 his
396 3614 586 3679 predecessors,
600 3615 665 3664 until
676 3613 843 3679 Asclepiades
853 3615 969 3680 changed
987 3617 1030 3666 the
1042 3622 1083 3666 art
1099 3616 1130 3666 of
1142 3618 1245 3682 healing
1261 3617 1288 3669 in
1305 3636 1321 3670 a

140 3703 215 3760 great
224 3711 349 3746 measure.
380 3697 544 3756 Themesion,
554 3711 602 3745 one
613 3695 644 3744 of
651 3697 689 3746 his
700 3711 856 3757 successura,
871 3699 925 3746 also
936 3698 982 3746 has
993 3699 1119 3763 lately(3)
1133 3696 1242 3749 differed
1255 3699 1321 3750 from

139 3777 227 3827 himin
243 3791 312 3828 some
320 3777 405 3842 things
420 3779 446 3827 in
457 3779 495 3827 his
505 3778 545 3827 old
555 3792 612 3841 age.
648 3777 717 3839 And,
735 3777 837 3842 indeed,
854 3779 904 3828 this
914 3780 1026 3843 salutary
1038 3778 1182 3843 profession
1192 3781 1237 3829 has
1254 3782 1321 3832 been

139 3861 241 3925 greatly
252 3860 387 3925 improved
398 3866 424 3911 to
435 3875 464 3909 us
475 3860 509 3924 by
521 3861 594 3908 these
605 3865 679 3922 grem
689 3874 757 3908 men.

171 3943 225 3992 But
241 3941 321 4004 since,
337 3942 368 3992 of
381 3942 425 3992 tlte
446 3942 518 3991 three
536 3948 607 4006 parts
626 3941 656 3990 of
671 3940 808 4005 medicine,
828 3942 883 3993 that
895 3941 978 3991 which
999 3943 1092 3992 relates
1110 3950 1137 3992 to
1154 3945 1196 3992 the
1214 3946 1320 4007 general

138 4029 278 4074 treatment
293 4024 323 4073 of
335 4023 443 4088 disease,
459 4039 487 4073 as
505 4024 527 4074 it
546 4024 567 4073 is
583 4025 627 4073 the
644 4031 709 4073 most
726 4021 842 4087 difficolt,
859 4040 887 4073 so
903 4024 924 4073 it
941 4025 962 4074 is
979 4026 1032 4074 also
1052 4025 1095 4073 the
1108 4032 1173 4074 mast
1183 4025 1276 4087 n0b1e;
1293 4034 1321 4075 to

138 4105 188 4155 this
205 4121 244 4155 we
266 4113 333 4156 must
352 4106 435 4156 direct
453 4121 499 4155 our
512 4105 691 4169 investigation
709 4104 798 4154 before
817 4120 855 4154 we
874 4121 921 4155 can
938 4105 1051 4169 proceed
1066 4121 1116 4170 any
1128 4106 1235 4155 farther.
1268 4107 1319 4156 Be-

138 4202 213 4239 cause
229 4203 261 4236 on
279 4188 328 4237 this
346 4188 419 4252 point
436 4189 509 4237 there
528 4188 548 4237 is
568 4203 636 4236 some
658 4188 815 4248 dissensi0u;
834 4202 903 4236 some
922 4188 1044 4251 contend,
1063 4187 1119 4236 that
1135 4203 1150 4236 a
1164 4188 1319 4250 knowledge

138 4266 170 4320 of
182 4271 350 4334 experiment‚
362 4270 383 4318 is
400 4271 460 4333 only
472 4283 617 4333 necessary,
629 4269 711 4318 whiist
730 4269 817 4318 others
834 4266 925 4330 affirm,
938 4270 994 4319 that
1010 4270 1124 4333 practice
1143 4270 1217 4318 moue
1235 4269 1256 4318 is
1274 4278 1320 4319 not

137 4349 265 4400 sufficient
282 4352 390 4402 without
408 4366 423 4400 a
442 4350 594 4414 knowledge
613 4349 644 4400 of
663 4351 706 4400 the
727 4350 896 4400 constituente
907 4350 948 4416 (4)
964 4351 995 4400 of
1008 4350 1111 4399 bodies:
1129 4351 1172 4399 the
1190 4351 1319 4415 principal

136 4439 283 4494 arguments
293 4448 324 4482 ou
336 4423 400 4482 each
412 4432 466 4482 side
478 4431 530 4480 will
547 4432 579 4481 be
596 4432 700 4496 pointed
717 4438 771 4495 ont,
783 4432 816 4496 by
827 4433 910 4480 which
921 4447 964 4495 my
975 4448 1032 4481 own
1043 4431 1145 4494 opinion
1156 4446 1214 4495 may
1227 4432 1260 4481 be
1272 4433 1317 4481 the

136 4519 207 4562 more
218 4513 296 4578 easily
307 4513 468 4564 introduced.
500 4512 642 4564 Therefore
659 4514 731 4563 those
748 4514 805 4562 who
823 4512 921 4576 profess
939 4513 1088 4564 theoretical
1106 4513 1241 4574 medicine,
1258 4527 1318 4562 con·

136 4595 197 4646 tend
209 4597 265 4646 that
275 4594 484 4661 diseases,auda
495 4595 647 4660 knowledge
664 4594 696 4646 of
706 4597 775 4646 their
791 4595 872 4644 latent
889 4594 941 4645 aad
961 4596 1113 4660 contingent
1131 4609 1220 4646 causes
1236 4600 1263 4643 to
1282 4595 1315 4645 be
