2874 5040
181 225 225 287 34
400 250 404 258 ·
575 238 696 282 census
719 237 764 280 nr
787 236 972 280 uenimus.

182 393 297 466 cibum,
309 391 363 454 sed
374 399 494 454 assueto
507 387 670 452 leviorem:
687 386 713 450 si
724 387 789 451 sine
800 407 854 449 vo-

182 479 262 541 mitu
297 498 409 540 nausea
441 474 511 551 fuit,
541 473 591 537 vel
616 474 778 550 abstinere,
804 473 854 536 vel

183 576 253 648 post
265 562 364 627 cibum
380 582 511 623 vomere.
555 560 618 637 Qui
629 581 700 622 vero
716 570 780 622 toto
792 559 853 635 die,

184 649 234 713 nel
248 649 280 711 in
290 646 442 723 vehiculo,
454 645 504 708 vel
518 644 551 708 in
567 644 748 729 spectaculis
763 644 853 720 sedit,

185 733 257 798 huic
272 733 350 796 nihil
366 732 560 808 currendum,
576 731 630 794 sed
644 730 727 794 lente
748 731 854 793 ambu-

183 821 309 884 landum
336 832 400 882 est:
430 818 514 881 lenta
541 838 661 902 quoque
686 815 720 878 in
745 816 854 879 balneo

183 928 279 982 mora,
302 904 374 968 dein
388 926 475 967 coena
496 901 607 1000 exigua
627 901 770 985 prodesse
784 922 855 964 con-

185 1004 357 1055 sueverunt.
404 988 526 1073 Siquis
548 1009 580 1050 rn
601 988 710 1051 balneo
732 998 853 1061 aestuat,

184 1077 282 1140 reficit
303 1075 386 1138 hunc
401 1096 451 1137 ore
467 1085 638 1157 exceptum,
659 1086 690 1137 et
710 1072 743 1135 in
758 1095 794 1136 eo
808 1094 854 1135 re-

185 1176 314 1237 tentum,
336 1174 473 1224 acetum:
498 1159 524 1222 si
545 1159 578 1222 id
599 1180 661 1222 non
676 1170 732 1236 est,
749 1159 854 1222 eodem

184 1249 275 1311 modo
289 1247 402 1330 frigida
416 1268 494 1330 aqua
508 1258 671 1328 assumpta.

228 1335 314 1396 Ante
328 1332 429 1395 omnia
450 1345 551 1394 autem
566 1330 646 1393 norit
660 1329 789 1415 quisque
802 1351 856 1393 na-

184 1432 284 1487 turam
308 1417 355 1480 sni
370 1417 522 1501 corporis:
546 1415 689 1501 quoniam
712 1416 765 1478 alii
786 1437 856 1498 gra·

185 1505 269 1581 ciles,
292 1503 345 1566 alii
366 1503 449 1566 obesi
474 1516 565 1573 sunt;
596 1501 648 1564 alii
674 1501 777 1579 calidi,
801 1500 855 1564 alii

183 1589 374 1675 frigidiores3
392 1589 444 1652 alii
459 1587 590 1665 humidi,
606 1587 657 1650 alii
670 1586 760 1659 sicci;
779 1587 855 1649 alios

184 1675 340 1751 adstricta,
364 1675 439 1737 alios
460 1674 593 1736 resoluta
614 1672 702 1736 alvus
717 1685 852 1736 exercet:

184 1759 854 1846 raroquisquamnonaliquampartemcorpo-

183 1848 225 1910 ris
235 1847 416 1910 imbecillam
429 1845 531 1908 habet.
552 1844 672 1908 Tenuis
681 1866 753 1907 vero
762 1843 854 1906 homo

182 1932 310 2016 implere
325 1955 357 1995 se
371 1933 472 2008 debet,
491 1931 600 2014 plenus
615 1943 788 2007 extenuare,
805 1951 854 1993 ca-

182 2017 265 2082 lidus
273 2018 461 2104 refrigerare,
471 2015 780 2100 frigiduscalefacere,
791 2037 854 2078 ma-

182 2105 259 2168 dens
281 2104 403 2182 siccare,
426 2104 523 2167 siccus
538 2102 742 2165 madefacere:
766 2101 853 2164 item-

183 2213 242 2276 que
257 2191 358 2254 alvnm
374 2190 494 2253 firmare
509 2188 546 2264 is,
562 2189 611 2251 cui
625 2187 712 2259 fusa;
737 2187 853 2251 solvere

181 2276 219 2353 is,
236 2277 285 2341 cui
299 2275 446 2339 adstricta
467 2287 530 2337 est:
555 2274 853 2357 succurrendumque

182 2384 301 2446 semper
314 2361 394 2445 parti
409 2357 539 2423 maxime
553 2359 703 2422 laboranti
717 2371 772 2422 est.

226 2447 340 2531 Implet
355 2458 456 2510 autem
475 2467 583 2528 corpus
604 2445 724 2507 modica
739 2443 853 2507 exerci-

182 2533 268 2610 tatio,
292 2531 477 2616 frequentior
502 2529 598 2614 quies,
627 2529 743 2606 unctio,
770 2542 801 2593 et
826 2530 853 2593 si

180 2631 250 2710 post
264 2618 425 2702 prandium
441 2628 497 2693 est,
519 2615 672 2693 balneum,
698 2628 853 2679 contracta
876 2611 879 2615 ’

181 2704 279 2781 alvus,
291 2703 444 2766 modicum
456 2702 553 2786 frigus
562 2700 674 2778 hieme,
684 2722 807 2764 somnus
821 2715 853 2766 et

179 2790 288 2874 plenus
298 2803 328 2853 et
339 2810 400 2852 non
411 2788 502 2851 nimis
512 2786 731 2872 longus‚molle
742 2785 852 2864 cubile,

179 2876 275 2939 animi
298 2875 454 2951 securitas,
470 2886 626 2958 assumpta
650 2895 705 2957 per
726 2872 809 2937 cibos
823 2887 854 2938 et

1162 226 1167 233 ’
1206 214 1213 227 ’
1242 217 1326 298 [arn.
1342 239 1364 282 r.

903 469 949 520 sed
970 469 1093 519 leviorem
1119 468 1221 535 (qnam)
1247 477 1364 530 assrreto;

903 536 924 585 si
942 533 992 583 fuit
1006 550 1100 585 nausea
1116 536 1170 585 sine
1182 537 1292 596 vomitu,
1309 535 1365 600 (de-

904 599 961 662 bet)
977 601 1017 649 vel
1040 600 1178 662 abstinere,
1200 601 1242 648 vel
1262 616 1365 650 vomere

904 670 963 727 post
975 664 1067 712 cibum.
1095 665 1164 713 Vero
1175 666 1219 729 qui
1231 664 1301 714 sedit
1311 673 1365 717 toto

904 729 956 791 die,
965 730 1004 777 vel
1012 730 1036 778 in
1045 730 1172 790 vehiculo,
1179 730 1219 778 vel
1229 730 1255 778 in
1264 739 1365 794 specta·

905 795 978 857 culis,
996 793 1061 905 qest)
1078 794 1137 843 huic
1156 795 1312 843 currendum
1326 797 1365 845 ni-

904 859 949 919 hil,
967 873 994 906 se
1027 865 1066 906 est
1080 858 1261 908 ambulandum
1279 861 1364 909 lente:

905 938 1007 1036 queque
1029 924 1099 972 lenta
1120 937 1192 972 mora
1214 925 1239 972 in
1264 924 1364 986 balneo,

924 1002 965 1036 em
982 987 1073 1050 exigua
1089 1002 1163 1037 coena
1175 996 1364 1039 consueverunt

905 1052 1036 1116 prodesse.
1066 1053 1093 1102 Si
1104 1053 1161 1118 quis
1173 1059 1266 1103 aestuat
1276 1053 1302 1101 in
1313 1054 1365 1102 bal-

904 1132 961 1175 neo,
978 1123 1079 1166 acetum
1097 1126 1233 1180 exceptum
1248 1117 1300 1182 (in)
1312 1134 1364 1183 ore,

905 1189 932 1230 et
948 1189 1076 1230 retentum
1092 1182 1118 1230 in
1136 1197 1166 1229 eo
1179 1180 1264 1231 reficit
1281 1185 1363 1232 hunc:

906 1247 927 1295 si
947 1254 988 1295 est
1009 1262 1058 1295 non
1078 1246 1114 1309 id,
1131 1246 1226 1306 frigida
1243 1261 1311 1313 aqna
1327 1264 1365 1298 as,

906 1319 1007 1373 sumpta
1017 1310 1107 1360 eodem
1117 1311 1203 1359 modo.

938 1378 1033 1424 Autem
1060 1382 1121 1424 ante
1147 1376 1232 1424 omnia
1258 1376 1364 1440 quisque

906 1442 1364 1505 noveritnaturamsulcorporistqno-

904 1505 972 1554 niam
983 1505 1024 1554 alil
1035 1514 1093 1554 sunt
1102 1506 1220 1566 graciles,
1229 1505 1272 1554 alii
1279 1506 1364 1566 obesi;

904 1571 946 1618 alii
966 1571 1051 1631 calidi,
1072 1571 1114 1618 alii
1138 1568 1301 1633 frigidiorem
1322 1572 1364 1622 alii

903 1634 1010 1693 humidi,
1026 1634 1069 1685 alil
1087 1634 1165 1695 sicci,
1188 1633 1313 1684 adstricta
1329 1636 1363 1684 al·

903 1714 949 1748 vus
961 1707 1065 1749 exercet
1078 1700 1148 1764 alios,
1158 1700 1273 1749 resoluta
1284 1700 1347 1750 alios
1354 1717 1362 1757 ;

903 1777 960 1812 raro
983 1766 1117 1829 quisquam
1143 1779 1194 1812 non
1214 1764 1294 1814 habet
1321 1766 1364 1813 ali·

903 1843 978 1892 qnam
1004 1830 1156 1879 imbecillam
1185 1837 1286 1893 partem
1305 1844 1363 1881 ,cor-

904 1896 983 1956 poris.
1016 1895 1087 1942 Vero
1098 1893 1183 1942 tenuis
1198 1894 1274 1943 homo
1285 1894 1364 1943 dehet

903 1958 1010 2020 implere
1038 1974 1075 2019 se,
1101 1959 1192 2022 plenus
1213 1964 1363 2021 extenuare,

904 2023 1001 2071 calidus
1019 2022 1182 2085 refrigerare,
1197 2021 1308 2086 frigidus
1324 2039 1363 2073 ca·

903 2087 1025 2148 lefacere,
1035 2089 1141 2137 madens
1156 2089 1266 2150 siccare,
1281 2089 1363 2140 siccut

903 2151 1081 2202 madefacere:
1094 2168 1143 2217 que
1152 2153 1213 2205 item
1225 2153 1248 2203 is
1259 2153 1362 2221 (debet)

901 2217 1003 2266 firmare
1021 2219 1115 2279 alvum,
1125 2218 1167 2267 cni
1183 2216 1257 2275 fusa;
1274 2219 1296 2266 is
1307 2218 1363 2278 (de-

903 2282 960 2346 bet)
981 2284 1081 2331 solvere
1101 2283 1144 2331 cui
1164 2290 1210 2342 est¹
1222 2282 1361 2332 adstricta:

903 2362 953 2411 que
974 2356 1136 2410 estsemper
1161 2349 1362 2397 succurrendum

902 2413 970 2478 parti
982 2411 1091 2460 maxime
1103 2412 1237 2461 laboranti.

935 2475 1030 2525 Autem
1042 2477 1142 2526 modica
1154 2476 1307 2526 exercitatio
1319 2477 1362 2524 iru-

903 2542 958 2604 plet
978 2556 1080 2604 corpus,
1102 2541 1262 2606 frequentior
1280 2542 1361 2606 quies,

903 2607 998 2667 unctio,
1017 2608 1075 2655 etsi
1086 2615 1124 2654 est
1140 2613 1199 2670 post
1216 2608 1361 2669 prandium,

904 2670 1031 2733 balneum,
1043 2673 1265 2733 alvuscontracta‚
1283 2672 1362 2720 modi·

904 2749 961 2784 cnm
983 2734 1064 2796 frigus
1091 2737 1183 2796 hieme,
1211 2750 1313 2784 somnus
1336 2743 1362 2784 et

903 2800 1004 2863 plenus,
1031 2808 1059 2850 et
1085 2816 1135 2849 non
1161 2801 1236 2849 nimis
1264 2802 1362 2862 longus,

903 2866 978 2914 molle
1005 2865 1098 2928 cubile,
1124 2867 1248 2916 securitas
1275 2865 1361 2930 animi,

643 3073 900 3120 ,TRANSLATIOR

178 3204 274 3250 riuusea
284 3189 391 3238 without
402 3187 529 3251 retchlng,
540 3187 572 3236 he
583 3186 674 3238 should
686 3186 782 3236 refrain
799 3187 865 3238 from
881 3188 952 3252 food,
964 3205 994 3239 or
1009 3189 1070 3238 take
1086 3204 1119 3238 an
1136 3190 1231 3239 emetic
1247 3189 1324 3240 after¹
1332 3192 1361 3242 it.¹

180 3270 223 3320 He
235 3273 291 3328 who
303 3272 347 3319 has
359 3276 399 3319 sat
410 3270 453 3318 the
464 3270 546 3318 whole
559 3269 619 3333 day,
631 3270 713 3320 either
723 3270 750 3318 in
760 3285 776 3318 a
788 3271 887 3321 chariot
897 3286 927 3320 or
942 3279 971 3321 at
984 3287 1054 3321 some
1066 3272 1215 3334 exhibition,
1226 3274 1308 3336 ought
1318 3280 1362 3321 not

122 3392 124 3396 .
178 3359 206 3401 to
216 3366 263 3401 run
275 3359 301 3401 at
310 3353 353 3412 all,
366 3351 414 3400 bnt
424 3359 451 3400 to
462 3352 528 3400 walls
540 3352 645 3414 slowly;
662 3353 714 3400 also
726 3360 753 3401 to
764 3353 839 3401 make
851 3368 867 3402 a
878 3352 1054 3402 considerable
1066 3360 1122 3416 stay
1134 3354 1159 3401 in
1170 3355 1214 3403 the
1227 3355 1300 3417 bath,
1311 3355 1360 3404 and

138 3455 141 3462 ·
179 3435 240 3484 then
257 3440 283 3482 to
294 3449 342 3498 sup
353 3434 453 3496 lightly.
486 3431 517 3482 If
527 3448 576 3483 one
595 3434 701 3483 become
711 3449 774 3498 very
786 3449 865 3484 warm
876 3435 901 3483 in
913 3436 956 3484 the
969 3435 1146 3495 bath,alittle
1157 3437 1267 3500 vinegar
1281 3438 1360 3487 taken

179 3515 234 3564 into
245 3515 289 3563 the
304 3516 391 3565 mouth
402 3514 452 3563 and
465 3514 524 3564 held
535 3514 608 3564 there
620 3514 670 3563 will
682 3514 781 3564 refresh
792 3515 856 3566 him:
874 3516 898 3564 is
911 3517 966 3565 that
977 3517 998 3565 is
1015 3523 1061 3567 not
1077 3523 1104 3566 to
1117 3517 1149 3566 be
1160 3517 1292 3582 obtained,
1303 3519 1360 3569 cold

179 3605 261 3652 water
272 3602 299 3644 to
309 3595 341 3644 be
351 3596 429 3645 taken
441 3597 467 3644 in
478 3597 522 3645 the
533 3611 602 3645 same
613 3611 727 3645 manner.

211 3678 265 3726 But
277 3677 359 3726 above
369 3678 402 3725 all
413 3677 497 3741 things
510 3693 588 3741 every
599 3690 648 3726 one
662 3677 750 3728 should
768 3677 843 3727 know
855 3678 898 3728 the
915 3686 1008 3729 nature
1025 3679 1055 3729 of
1069 3680 1107 3730 his
1118 3680 1300 3732 constitution:
1317 3683 1360 3733 be·

178 3775 256 3809 carrae
266 3774 335 3808 some
344 3775 388 3808 are
397 3760 509 3821 siender‚
520 3761 606 3809 others
617 3758 668 3821 lan
680 3776 750 3810 some
761 3776 804 3810 are
816 3762 870 3824 hot,
879 3763 964 3811 others
975 3776 1046 3811 more
1054 3764 1127 3824 cold;
1138 3777 1208 3813 some
1218 3778 1264 3813 are
1274 3766 1361 3829 moist,

178 3843 264 3898 others
275 3842 337 3904 dry;
354 3841 515 3904 constipated
529 3843 624 3891 bowels
636 3843 737 3891 trouble
754 3857 832 3905 some,
851 3844 964 3904 relaxcd,
974 3845 1077 3911 others:
1096 3847 1168 3895 there
1180 3860 1224 3894 are
1235 3861 1299 3910 very
1311 3844 1360 3896 few

177 3925 235 3972 who
246 3922 312 3972 have
322 3930 367 3973 not
379 3934 447 3972 some
458 3923 532 3972 weak
543 3932 602 3987 part
614 3923 645 3972 of
652 3924 696 3972 the
709 3923 785 3986 body.
813 3925 870 3973 The
881 3925 984 3974 siender
994 3941 1053 3975 man
1065 3929 1145 3990 ought
1156 3935 1182 3977 to
1194 3928 1313 3992 improve
1321 3931 1361 3978 his

176 4004 257 4066 habit,
280 4005 324 4055 the
346 4003 472 4066 plethorlc
492 4019 551 4052 man
570 4004 659 4053 should
676 4012 815 4054 extenuate
831 4006 935 4056 himself
938 4023 947 4066 ς
963 4021 1013 4056 oue
1031 4007 1062 4056 of
1076 4022 1154 4057 natm
1173 4014 1361 4072 temperament

177 4087 258 4150 ought
268 4091 295 4134 to
305 4085 361 4135 cool
374 4083 483 4148 himself,
494 4087 537 4134 tho
549 4086 606 4134 cold
619 4101 678 4135 man
696 4087 784 4136 should
803 4088 877 4137 make
889 4103 983 4150 warm;
1000 4090 1043 4138 the
1054 4082 1131 4140 moist'
1141 4090 1229 4139 should
1242 4091 1361 4155 dry,*'the

177 4168 225 4230 dry
238 4166 329 4216 should
338 4166 463 4226 moisten;
479 4167 511 4215 he
523 4168 580 4214 who
597 4166 618 4220 is
630 4165 660 4214 of
673 4169 802 4216 arelaxed
815 4169 887 4218 habit
898 4172 979 4234 onght
992 4177 1021 4218 to
1032 4172 1185 4234 strengthem
1191 4173 1236 4221 the
1254 4173 1360 4238 bowels,

176 4249 228 4297 aad
239 4248 271 4297 he
282 4249 340 4296 wlro
350 4248 373 4296 is
382 4248 479 4297 contire
490 4248 578 4297 should
589 4249 660 4298 relax
672 4249 753 4310 them;
766 4249 817 4299 and
830 4253 886 4299 that
897 4258 964 4315 part,
980 4252 1005 4300 in
1016 4251 1166 4318 particular,
1177 4246 1247 4303 must
1258 4255 1290 4304 be
1299 4247 1361 4320 sutf-

176 4329 586 4394 portedwhichistheweakest.
751 4345 753 4352 ⁴
1026 4352 1028 4356 ·
1330 4347 1352 4371 1¹

208 4411 264 4460 'Phe
282 4410 350 4475 body
369 4412 497 4475 improvss
519 4411 553 4474 hy
570 4410 701 4461 moderate
719 4414 842 4474 exercise,
857 4428 927 4463 more
944 4413 1064 4478 frequent
1081 4423 1143 4479 rest,
1156 4417 1265 4466 metlon
1279 4419 1360 4468 anda

176 4504 255 4546 warm
267 4490 329 4541 bath
347 4491 415 4546 after
433 4492 534 4554 diruet,
551 4494 649 4547 cosdra
661 4493 766 4556 bowels,
782 4495 916 4544 moderate
927 4495 1026 4545 sold-in
1038 4497 1141 4559 winter,
1155 4497 1302 4564 fillsleep,'
1312 4500 1360 4550 bnt

176 4577 221 4637 not
230 4576 275 4622 too
285 4575 355 4638 long,
361 4588 382 4633 χι
393 4572 444 4633 sofl
456 4573 516 4639 bed,
533 4587 567 4626 an
578 4588 639 4639 easy
653 4575 734 4641 mind»,
750 4576 1175 4641 particularlyallsweecann‘fst·
1184 4578 1359 4646 thingstalren
